2113 3674
323 282 391 318 fide
403 277 655 316 conscendimus
664 274 698 309 iri
710 275 848 313 coelum,
859 284 896 308 vt
906 284 946 306 eo
960 270 1113 308 fruamur.

322 331 457 366 Volunt
468 324 772 376 Magdeburgenses
786 323 954 358 Christum
975 333 1043 355 non
1057 321 1117 357 esse

324 381 360 415 in
376 379 504 414 mundo
517 375 638 411 visibili
654 372 828 413 sorma,sed
840 370 1051 406 inuisibiliter
1061 369 1118 407 sub

325 441 409 476 pane
420 425 598 462 latere-hoc
610 424 745 470 quidem
758 421 816 469 ipsi
827 419 896 455 :sed
909 421 981 468 quis
993 421 1118 456 credet?

324 479 401 513 Nec
415 477 522 511 minus
537 471 691 509 insulsum
707 471 752 506 est
765 470 859 519 quod
880 482 958 504 mox
970 470 1119 508 adiicii'it,

326 527 467 562 Initium
480 524 576 559 huius
590 520 791 557 discessionis
807 517 897 554 fuisse
912 521 945 554 in
967 530 1075 553 morte
1091 519 1120 552 i-

325 575 388 624 psa:
397 575 473 622 quia
484 585 563 608 tunc
579 570 780 611 dixit,Vado
792 569 831 603 ad
845 571 985 602 Patrem.
997 568 1122 602 vtinam

325 637 393 660 tarn
403 624 524 658 literati
536 618 657 659 essent,
671 621 772 668 quam
792 618 932 652 literales
949 615 1009 650 esse
1019 628 1121 663 appe-

326 669 603 710 tunt.Tritiffima
614 669 660 704 est
673 671 791 718 linguae
802 666 976 702 Hebraicae
988 664 1122 713 phrasis,

329 720 467 771 praesens
482 719 714 766 verbitempus
726 730 786 766 pro
807 714 918 751 futuro
940 713 1072 749 sumere.
1085 726 1123 747 e-

329 771 468 819 xemplis
479 766 591 818 paffim
605 767 720 803 referta
736 766 780 801 est
789 766 967 811 Scriptura.
979 762 1049 802 Isti,
1063 775 1123 797 ne-

331 821 440 869 giech
452 820 546 854 omni
559 820 688 853 ratione
700 841 709 855 ,
720 816 846 850 abitum
867 811 992 848 Christi
1004 811 1123 847 restin-

329 880 414 918 gunt
426 869 466 904 ad
480 878 687 903 momentum
702 878 769 913 quo
779 876 897 898 vocem
909 861 991 896 hanc
1005 872 1123 909 protu-

329 921 389 959 lit,
402 918 512 955 vado.
545 919 593 952 Ac
607 916 684 951 huic
697 913 831 948 inscitiae
846 912 913 946 dari
923 910 1008 945 forte
1021 908 1123 958 posset

329 969 441 1008 venia,
450 966 510 1004 nisi
521 967 660 1013 impium
674 963 761 998 aliud
775 959 1045 1003 deliriuiwsecuiii
1056 970 1125 994 tra-

330 1016 520 1057 heret,dum
537 1015 614 1049 vere
628 1016 660 1049 in
673 1006 792 1047 cc'elum
805 1003 947 1046 ascendit
959 1007 1123 1049 Christus,

330 1065 498 1102 ostensum
512 1063 602 1099 fuiffe
612 1062 785 1109 Apostolis
797 1058 978 1097 discessum,
990 1059 1047 1106 qui
1062 1059 1125 1092 iam

330 1113 540 1163 praecefferat.
561 1112 648 1160 quasi
669 1110 833 1158 speetrum
859 1108 994 1155 aliquod
1017 1117 1126 1141 narret

330 1167 435 1199 Lucas
448 1187 459 1203 ,
471 1173 507 1197 vt
521 1162 689 1196 euanescat
701 1172 802 1195 vnum
816 1171 853 1193 ex
864 1157 1034 1206 praecipuis
1046 1155 1126 1192 fidei

330 1213 450 1249 nostrae
462 1210 640 1259 capitibus.

381 1263 545 1310 Qirturn
555 1269 789 1309 argumentum
802 1257 847 1293 est
857 1260 972 1297 ,Lucas
985 1256 1127 1290 Coenam

332 1313 424 1361 Agni
437 1308 595 1359 paschalis
609 1310 782 1356 praemittit
795 1309 909 1343 Coenae
923 1306 1125 1341 Dominicae:

332 1374 427 1397 coena
440 1360 530 1407 Agni
545 1357 703 1405 paschalis
716 1357 763 1392 est
776 1357 963 1403 mysterium
975 1354 1025 1388 seu
1038 1353 1128 1401 figu-

331 1424 383 1446 ra:
395 1421 474 1457 ergo
487 1409 596 1442 Coena
608 1406 755 1442 Domini
767 1405 900 1453 mystica
912 1403 962 1440 seu
976 1402 1128 1451 figurati-

332 1472 371 1494 ua
383 1459 437 1494 est.
459 1470 499 1491 an
513 1458 578 1491 hoc
598 1456 703 1491 modo
723 1454 893 1503 quisquam
913 1453 1127 1487 ratiocinatus

331 1508 384 1548 sit,
393 1505 502 1542 nescio
516 1519 524 1539 ε
536 1505 622 1540 certe
634 1518 701 1539 non
715 1505 868 1539 arbitror.
892 1515 952 1536 nec
965 1500 1128 1536 verisimi-

334 1558 367 1592 le
376 1554 540 1597 estQuod
553 1567 633 1603 ergo
644 1567 704 1600 pro
715 1552 770 1587 suo
783 1551 966 1586 commodo
977 1550 1128 1589 flexeri'it,

333 1607 381 1641 ita
393 1604 723 1642 restituam‚eoenain
737 1600 881 1636 instituit
893 1599 1044 1635 Christus
1056 1610 1129 1646 quae

333 1653 520 1689 succederet
530 1653 564 1686 in
578 1652 689 1686 locum
704 1653 793 1699 Agrii
807 1648 983 1698 paschalis,
995 1660 1025 1683 at
1037 1647 1129 1682 simi-

332 1704 373 1738 lis
386 1702 431 1738 est
442 1699 610 1747 vtriusque
623 1700 819 1735 Sacramenti
830 1699 913 1733 ratio
923 1696 956 1733 Bc
970 1696 1129 1732 finisznon

334 1753 456 1789 mirum
469 1751 570 1799 igitur
594 1748 614 1783 si
629 1750 731 1783 multa
743 1748 781 1783 sit
792 1748 924 1782 alterius
937 1760 1011 1782 cum
1023 1747 1128 1780 altero

334 1799 476 1837 affinitas
489 1823 498 1839 ‚
511 1799 586 1835 &in
599 1797 707 1832 verbis
717 1800 814 1833 etiam
827 1796 1021 1831 similitudo.
1035 1795 1128 1837 Quid

335 1852 405 1886 iam
431 1846 734 1896 Magdeburgenses
760 1849 773 1880 ?
812 1856 935 1893 negant
953 1856 1128 1893 argumen-

335 1910 409 1935 tum
429 1898 470 1934 ab
498 1896 677 1943 imparibus
695 1896 810 1930 valere.
839 1895 1003 1943 atquiego
1022 1905 1131 1940 neque

336 1949 513 1997 paritatem
533 1957 636 1992 vrgeo
653 1967 664 1983 ,
687 1956 796 1991 neque
814 1955 968 1991 tanquam
986 1942 1130 1977 necessa-

336 1999 422 2033 rium
442 1993 548 2030 infero
574 2016 584 2032 ‚
612 1993 703 2040 quod
724 1993 764 2026 de
786 2004 853 2026 vno
874 1992 995 2026 dicitur
1006 2015 1016 2032 ,
1037 1991 1130 2027 alteri

336 2056 533 2093 congruere.
547 2041 611 2076 hoc
629 2041 759 2076 tanturn
777 2041 846 2074 illis
858 2063 867 2078 ,
890 2040 996 2073 velint
1007 2041 1130 2079 nolint,

340 2105 539 2140 extorqueo,
553 2089 807 2126 consentaneum
820 2085 900 2127 esse,
913 2098 947 2121 vt
958 2100 1131 2134 compara-

338 2145 388 2179 tio
399 2142 510 2190 legalis
522 2138 684 2175 paschatis
695 2150 756 2172 nos
768 2139 798 2172 in
811 2138 925 2172 Coenae
938 2137 1130 2184 intelligen-

339 2195 384 2228 tia
403 2193 548 2226 adiuuet.
590 2187 759 2235 Frigidum
784 2187 882 2221 etiam
900 2186 1051 2220 cauillum
1071 2184 1129 2225 est,

338 2253 420 2277 tunc
433 2239 628 2285 abrogatum
641 2234 729 2271 fuisse
742 2235 871 2270 Pascha.
885 2236 960 2281 quia
973 2233 1014 2268 sic
1032 2233 1130 2269 cessa-

339 2291 390 2326 uit
412 2287 483 2323 vsus
494 2286 692 2321 caeremoniae
703 2308 712 2324 ,
734 2295 768 2318 vt
789 2285 940 2319 doctrina
970 2294 1078 2318 tamen
1098 2287 1131 2319 &

339 2339 458 2374 veritas
483 2337 610 2382 integra
631 2344 781 2374 maneat,
803 2334 927 2380 alioqui
946 2331 1004 2366 vbi
1020 2334 1130 2379 agitur

339 2388 380 2423 dc
392 2384 561 2434 Baptismo
573 2407 582 2423 ‚
603 2384 728 2418 nullum
740 2383 849 2416 locum
865 2379 1056 2416 circuncisio
1069 2381 1128 2415 lia-

339 2437 443 2471 beret.
473 2435 548 2470 Nec
560 2445 616 2467 eos
627 2432 757 2467 adiuuat
771 2430 958 2468 discrimen,
970 2430 1061 2477 quod
1074 2432 1131 2464 Sa-

339 2495 506 2522 cramenta
519 2482 637 2530 Legis,
658 2478 826 2515 Christum
849 2491 1024 2514 venturum
1045 2478 1131 2513 desi-

342 2535 532 2582 guauerinr,
546 2530 653 2565 nostra
665 2527 850 2576 praesentem
863 2527 1131 2563 exhibeantmio-

341 2584 387 2618 do
400 2580 582 2629 praesentia,
596 2590 632 2614 vt
642 2578 750 2616 debet,
763 2578 800 2611 ad
812 2577 936 2613 Christi
950 2577 1131 2611 aduentum

338 2629 581 2676 referamnquo
594 2631 686 2664 Deus
696 2628 878 2674 compleuit
891 2637 962 2674 quae
971 2624 1027 2661 sub
1041 2628 1132 2673 Lege

343 2677 547 2729 promiserat.

394 2728 563 2777 Qnturn
582 2735 811 2775 argumentum
823 2722 888 2765 est,
905 2726 939 2761 Si
958 2725 1039 2759 alius
1055 2723 1132 2758 esset

340 2777 503 2825 loquendi
516 2776 634 2810 modus
647 2776 681 2809 in
692 2772 910 2818 Coena,quam
923 2777 956 2808 in
971 2775 1041 2808 aliis
1056 2785 1128 2820 my-

339 2827 496 2864 steriis‚vt
508 2827 623 2873 Agnus
635 2824 680 2859 est
690 2820 1009 2869 transituS‚Apostoli
1023 2822 1129 2856 inter..

339 2872 502 2922 rogassent
515 2871 756 2911 Dominum‚id
767 2870 857 2919 quod
869 2871 945 2906 alias
957 2870 1043 2906 soliti
1055 2869 1130 2906 sunt

338 2921 525 2960 facere.hoc
537 2934 605 2956 non
619 2919 777 2956 fecerunt.
787 2931 866 2966 ergo
878 2919 1012 2966 mystice
1027 2920 1127 2954 intel-⁷

339 2973 487 3008 lexerunt
498 2971 640 3006 Coenam
654 2994 663 3009 ‚
673 2969 767 3005 sicuti
778 2969 841 3002 iam
854 2967 903 3002 his
914 2969 1126 3016 loquutioni-

339 3020 400 3056 bus
409 3030 500 3058 crant
511 3018 630 3054 assueti.
649 3017 864 3065 Respondent
876 3016 1125 3065 Migdcburge-

338 3068 385 3105 ses
396 3081 464 3104 non
484 3069 590 3102 valere
609 3066 878 3114 consequentiam
901 3065 919 3100 Ξι
939 3065 1038 3112 signis
1056 3078 1126 3101 non

338 3115 530 3160 necessariis·
556 3116 647 3163 atqui
669 3128 738 3150 non
759 3112 906 3149 efficiunt
916 3137 926 3155 ‚
945 3114 1126 3161 quominus

335 3165 518 3214 probabilis
528 3163 566 3200 fit
578 3165 777 3199 coniectura.
801 3165 928 3199 Scimus
939 3174 1007 3196 non
1019 3162 1125 3198 modo

337 3217 371 3253 in
381 3214 481 3251 rebus
489 3214 597 3248 arduis
610 3217 642 3249 ἀ
652 3213 810 3260 perplexis
830 3211 944 3246 solitos
967 3209 1057 3245 fuisse
1070 3213 1123 3246 in-

336 3275 500 3311 terrogare
512 3261 697 3298 Christum:
712 3261 764 3297 sed
778 3263 911 3308 quoties
930 3273 991 3308 pro
1005 3259 1053 3294 sua
1066 3273 1121 3295 ru-

741 207 1176 248 ADMONITIO
1247 208 1532 245 VLTIMA

1165 271 1410 313 vtistivolunt‚
1431 273 1472 307 de
1485 271 1645 308 inuisibili
1663 273 1769 309 carnis
1788 275 1956 323 prasentia

1166 333 1244 356 tunc
1256 322 1392 368 repente
1403 322 1535 369 prodita
1548 321 1776 361 fuisset,t5.tane
1788 325 1866 361 fidei
1879 337 1957 373 per-

1166 369 1268 405 feetio
1283 372 1395 405 eratin
1409 370 1628 418 discipulis,vt
1640 375 1767 408 nemini
1779 374 1958 423 obreperet

1168 419 1748 460 dubitatio?Cui‚obsecro,credibile
1761 421 1958 460 facienttar-

1169 469 1229 503 dos
1240 468 1395 504 homines
1406 474 1437 506 &
1451 471 1484 503 in
1496 470 1645 504 minimis
1658 469 1754 504 rebus
1775 472 1957 514 dubitate&

1169 520 1293 566 propto
1303 519 1438 555 &alacri
1449 519 1561 553 animo
1575 519 1608 552 in
1621 531 1655 552 re
1675 519 1820 555 inaudita
1841 523 1960 557 celeri-

1167 579 1217 602 ter
1228 578 1445 607 accurrere‚vt
1455 568 1667 603 immesum&
1679 567 1960 607 inuisibileChri-

1169 616 1209 651 sti
1221 629 1340 664 corpus
1353 615 1410 650 sub
1423 629 1504 664 pane
1517 619 1653 651 vorent?
1664 619 1774 664 Qre
1787 621 1833 653 no
1845 619 1960 668 inepte

1171 665 1188 700 a
1200 665 1367 712 probabili
1378 666 1567 700 ratiocinari
1579 666 1669 706 licet,
1680 678 1714 701 vt
1724 668 1787 702 iam
1798 667 1909 704 affueti
1921 681 1960 705 e,-

1168 725 1243 749 rant
1263 714 1556 750 Sicramentalibus
1568 715 1732 762 loquendi
1743 713 1879 757 formis,
1887 729 1960 755 non

1171 760 1308 798 mouisse
1317 764 1530 812 quaestionem
1545 765 1586 798 de
1595 777 1629 798 re
1640 758 1961 812 cognita-Antistre-

1170 811 1264 859 plion
1279 825 1348 860 quo
1369 823 1507 848 vtuntur
1529 811 1730 848 refutatione
1749 822 1821 850 non
1838 815 1962 864 digna-‘—

1171 862 1254 897 bor:
1274 862 1356 897 clare
1377 867 1408 898 δι
1430 861 1498 897 sine
1519 863 1622 909 tropis
1646 864 1786 909 protulit
1809 864 1962 901 Christus

1171 909 1258 946 suam
1271 910 1558 951 sententiam,Hoc
1569 911 1614 946 est
1630 924 1749 959 corpus
1759 926 1883 948 meum.
1895 914 1962 949 Er—

1171 973 1215 1008 go
1228 960 1384 1007 Apostoli
1396 961 1545 995 contenti
1557 973 1626 994 non
1639 962 1869 1008 cogitauerunt
1886 975 1963 999 tro-

1172 1021 1246 1057 pos,
1255 1009 1422 1058 figuraS,&
1434 1009 1616 1057 allegorias.
1629 1011 1752 1058 alioqui
1765 1024 1826 1058 pro
1839 1010 1895 1047 suo
1908 1013 1964 1048 di-

1168 1058 1396 1094 vscendissudio
1411 1060 1600 1094 Dominum
1611 1059 1873 1106 interrogassent.
1885 1063 1962 1097 Pri-

1174 1108 1230 1142 mo
1249 1120 1351 1156 quum
1371 1108 1549 1142 verborum
1570 1106 1780 1155 perspicuitas
1803 1122 1839 1144 ex
1857 1108 1966 1158 figura

1175 1158 1315 1205 pendeat
1326 1181 1335 1197 ,
1349 1169 1384 1192 vt
1397 1158 1485 1191 illam
1496 1167 1665 1191 teneamus
1676 1181 1686 1198 ,
1699 1157 1781 1192 hanc
1792 1159 1966 1195 excludere

1174 1219 1243 1241 non
1253 1206 1565 1242 conuenit-Deinde
1577 1218 1677 1253 quum
1690 1207 1840 1254 expedita
1852 1219 1901 1248 res
1914 1207 1968 1244 es-

1174 1254 1234 1295 set,
1246 1254 1402 1304 quorsum
1413 1267 1497 1303 opus
1511 1253 1572 1289 fuit
1584 1255 1710 1290 nodum
1726 1262 1785 1297 (vt
1800 1259 1914 1300 aiunt)
1929 1258 1967 1294 in

1174 1303 1280 1352 scirpo
1305 1316 1447 1352 quaerere
1469 1307 1483 1338 ?
1509 1305 1585 1351 quia
1603 1317 1671 1339 non
1691 1306 1823 1342 aliunde
1859 1308 1966 1343 oritur

1175 1353 1427 1402 quaesti0,quam
1442 1354 1463 1388 si
1477 1356 1570 1400 panis
1582 1353 1760 1402 proprie&
1772 1354 1966 1392 substantia-

1175 1405 1250 1438 liter
1262 1403 1388 1438 dicatur
1399 1402 1460 1437 esse
1469 1401 1595 1438 Christi
1607 1415 1736 1451 corpus.
1954 1397 1965 1425 ‚¹

1209 1454 1249 1487 In
1263 1451 1351 1488 sexto
1361 1462 1560 1500 argumento
1573 1453 1650 1500 quia
1661 1453 1729 1488 illic
1737 1452 1868 1488 tantum
1882 1467 1966 1502 pro-

1176 1501 1317 1548 positum
1329 1501 1373 1536 est
1386 1502 1596 1541 calumniari,
1609 1500 1753 1536 breuiter
1766 1502 1968 1550 respondeo.

1177 1551 1335 1585 Dicimus
1347 1551 1482 1598 quidem
1495 1562 1564 1585 non
1583 1551 1689 1585 modo
1710 1562 1896 1598 peruertere
1907 1563 1967 1588 to-

1178 1611 1248 1634 tum
1266 1600 1392 1635 Christi
1412 1599 1565 1634 ordinem
1588 1597 1668 1638 ,scd
1687 1601 1812 1648 eripere
1829 1601 1966 1648 Spiritui

1178 1647 1289 1695 sancto
1300 1648 1440 1683 liberum
1455 1649 1503 1682 ius
1515 1649 1688 1696 loquendi,
1700 1651 1757 1697 qui
1770 1650 1804 1684 in
1817 1649 1927 1685 verbis
1935 1652 1968 1686 i-

1177 1697 1233 1733 stis
1245 1696 1473 1737 controuersis,
1488 1699 1566 1732 Hoc
1578 1698 1621 1732 est
1632 1710 1750 1745 corpus
1761 1700 1968 1738 meum,lite-'

1177 1747 1286 1782 raliter
1299 1745 1461 1786 insistunt,
1471 1745 1532 1781 acsi
1543 1745 1632 1782 nefas
1641 1745 1716 1782 esset
1730 1748 1968 1795 interpretandi

1179 1795 1269 1833 causa
1286 1796 1440 1830 voculam
1462 1795 1594 1831 addere.
1665 1807 1789 1831 uaerunt
1809 1809 1846 1832 ex
1867 1796 1969 1832 nobie

1178 1842 1481 1893 Magdeburgenses
1493 1867 1504 1884 ,
1516 1855 1722 1892 perpetuone
1742 1846 1831 1881 idem
1853 1847 1969 1886 valeat,

1178 1893 1236 1930 Est
1247 1906 1281 1929 ac
1292 1893 1474 1942 Significat:
1485 1905 1524 1928 an
1536 1892 1691 1941 nusquam
1703 1894 1838 1942 proprie
1847 1894 1968 1940 loqua-

1180 1954 1231 1978 tur
1241 1945 1378 1991 Spiritus
1391 1940 1530 1977 sanetus.
1553 1941 1640 1990 quasi
1653 1943 1733 1976 vero
1743 1943 1916 1976 statuamus
1925 1953 1968 1976 v-

1179 1990 1372 2027 niuersalem
1390 1992 1554 2039 tegulam:
1575 2003 1612 2026 ac
1634 2002 1703 2024 non
1715 1990 1826 2037 potius
1846 2002 1882 2024 ex
1899 1990 1968 2026 loci

1178 2046 1211 2078 δι
1222 2042 1268 2075 rei
1281 2040 1510 2076 circunstantia
1522 2038 1668 2074 dicamus
1682 2037 1894 2085 spectandum
1906 2036 1969 2075 esse

1178 2091 1259 2137 quid
1281 2088 1421 2124 maxime
1439 2087 1628 2123 conueniat.
1662 2090 1702 2121 In
1725 2086 1790 2121 hoc
1810 2086 1969 2134 mysterio

1180 2139 1286 2173 valere
1297 2138 1447 2184 cupimus
1459 2159 1468 2175 ,
1480 2136 1572 2183 quod
1589 2135 1804 2171 mediocriter
1823 2137 1856 2170 in
1879 2138 1968 2172 Scri·

1179 2198 1272 2233 ptura
1284 2186 1449 2221 exercitati
1459 2184 1563 2218 sciunt
1585 2183 1764 2219 commune
1781 2183 1841 2219 esse
1853 2186 1969 2221 omni-

1178 2235 1241 2269 bus
1252 2235 1476 2270 Sacramentis.
1506 2233 1673 2268 Volumus
1692 2246 1770 2281 ergo
1783 2233 1970 2280 symbolum

1179 2284 1382 2319 intercedere
1392 2306 1402 2322 ,
1415 2282 1505 2328 quod
1517 2280 1616 2315 nobis
1626 2282 1666 2316 ad
1677 2294 1744 2317 rem
1767 2283 1968 2330 spiritualem

1179 2330 1347 2367 transitum
1360 2329 1467 2366 faciat.
1480 2331 1675 2365 Reclamant
1687 2332 1766 2366 noui
1778 2332 1828 2367 isti
1842 2333 1966 2368 docto-

1178 2394 1228 2416 res
1237 2379 1282 2415 fas
1293 2393 1360 2414 non
1375 2378 1436 2414 esse
1445 2402 1456 2418 ‚
1466 2380 1518 2414 vel
1531 2380 1634 2426 pilum
1647 2392 1748 2415 vnum
1762 2379 1936 2416 deflectere
1946 2382 1966 2418 εἴ

1178 2429 1317 2465 vocibus
1329 2434 1360 2466 &
1372 2427 1509 2476 syllabiS.
1528 2428 1607 2476 quid
1620 2427 1685 2465 hoc
1704 2429 1790 2464 aliud
1810 2431 1851 2464 est
1863 2432 1966 2477 quarn

1179 2479 1344 2527 insurgere
1355 2502 1365 2518 ,
1377 2483 1408 2514 &
1422 2491 1481 2524 pro
1493 2478 1633 2525 imperio
1645 2488 1764 2517 vetare,
1774 2491 1816 2513 ne
1828 2480 1966 2527 Spiritui

1178 2525 1291 2563 saneto
1303 2526 1449 2563 concessa
1458 2525 1555 2562 fuerit
1565 2527 1724 2573 loquendi
1737 2527 1888 2564 libertas?
1900 2531 1966 2564 Pe-

1179 2577 1335 2612 tulantius
1347 2576 1468 2611 deinde
1476 2586 1625 2623 quaerunt
1636 2589 1645 2609 :
1657 2588 1697 2610 an
1710 2588 1827 2624 corpus
1839 2575 1966 2624 semper

1179 2625 1372 2661 tantundem
1391 2625 1518 2665 valeat,
1536 2637 1572 2660 ac
1593 2623 1964 2672 phantasmacorporis.

1180 2687 1259 2724 ergo
1271 2675 1346 2722 quia
1366 2673 1400 2708 in
1412 2683 1488 2708 toto
1511 2674 1599 2708 cultu
1620 2674 1734 2721 Legali
1743 2673 1842 2718 docet
1864 2677 1966 2722 Apo-

1178 2723 1282 2758 stolus
1299 2721 1418 2772 figuras
1438 2721 1528 2758 fuisse
1545 2722 1761 2769 spiritualium
1779 2721 1966 2765 bonorum,

1178 2771 1337 2808 subiicere
1348 2771 1461 2807 licebit
1474 2784 1533 2819 pro
1545 2771 1658 2820 figuris
1671 2769 1965 2818 phantasmata-En

1177 2821 1258 2868 quid
1269 2819 1447 2868 proficiant
1457 2844 1466 2859 ,
1478 2820 1592 2868 putida
1604 2820 1655 2854 sua
1667 2819 1844 2856 scommata
1855 2822 1889 2856 in
1901 2834 1965 2857 nos

1176 2869 1350 2906 ructando.
1379 2881 1566 2916 quanquam
1589 2881 1690 2904 nemo
1717 2881 1860 2917 vnquam
1881 2870 1965 2907 dixit

1175 2930 1293 2966 corpus
1303 2918 1406 2965 accipi
1416 2930 1476 2965 pro
1486 2917 1589 2965 figura
1601 2919 1751 2966 corporis
1763 2941 1771 2956 ,
1780 2917 1832 2953 sed
1844 2931 1965 2967 panem

1174 2965 1355 3014 symbolice
1366 2967 1476 3001 vocari
1488 2977 1608 3014 corpus
1618 2981 1627 3002 ι
1639 2968 1716 3014 quia
1734 2967 1961 3015 interponitur

1174 3014 1262 3064 qua‘si
1276 3015 1402 3053 visibile
1415 3015 1533 3064 pignus
1545 3038 1554 3055 ,
1577 3016 1656 3051 dum
1669 3028 1730 3050 nos
1741 3014 1892 3053 Christus
1909 3013 1962 3051 fa-

1174 3077 1247 3100 cere
1255 3065 1326 3099 vult
1337 3066 1441 3100 carnis
1460 3062 1520 3099 suae
1533 3065 1721 3112 participes.
1743 3066 1828 3106 Quae
1847 3062 1962 3110 postea

1172 3113 1349 3162 sequuntur
1359 3113 1506 3148 conuitia
1517 3114 1551 3147 in
1563 3112 1619 3149 suo
1631 3112 1836 3160 sterquilinio
1846 3123 1964 3160 putre-

1171 3163 1271 3198 scant.
1295 3161 1461 3197 Caeterfim
1473 3162 1592 3197 eodem
1604 3161 1690 3209 ipsos
1701 3160 1837 3196 subinde
1847 3163 1962 3198 reuol-

1171 3211 1204 3246 ui
1216 3209 1484 3251 ,infirmitatisac
1498 3211 1618 3258 inopiae
1640 3209 1770 3258 signum
1782 3208 1840 3244 est.
1860 3211 1961 3246 Plana

1170 3258 1232 3295 esse
1242 3259 1450 3294 contendunt
1461 3258 1560 3294 verba
1572 3258 1695 3295 Christi
1706 3281 1716 3296 ‚
1726 3257 1804 3293 Hoc
1814 3257 1860 3294 est
1878 3270 1958 3295 cor-

334 3313 437 3365 ditate
447 3310 748 3361 haesitabantssirea
759 3314 906 3348 nouas&
919 3308 1121 3351 miraculosa,
1167 3318 1229 3357 pus
1249 3319 1362 3344 meum
1382 3307 1573 3356 :quianon
1593 3307 1676 3347 dicit
1695 3306 1882 3354 symbolum
1902 3307 1965 3343 ve}

1882 3352 1959 3406 see:
