2113 3674
835 150 1271 186 PRAEFATIO.

261 215 568 265 conscientiam
590 209 706 263 vltro
731 214 1000 279 peccantium
1012 215 1338 282 improbitatem
1352 252 1362 269 ,
1377 231 1423 262 νε
1441 216 1548 283 pene
1560 236 1610 265 ex
1623 212 1709 264 eius
1726 217 1845 265 Vnius

260 287 587 354 oppugnatione
621 283 810 348 palmam
837 299 982 348 petant
1005 315 1027 340 ‚>
1046 281 1068 332 a
1088 304 1176 352 quo
1200 283 1389 332 maxime
1418 286 1578 334 erudiri
1599 304 1844 354 potuerunt,

259 356 342 405 Sed
362 357 448 403 hoc
467 372 612 402 tamen
635 349 881 419 Vsqueadeo
903 371 1069 401 nouum
1090 373 1179 402 non
1203 355 1259 401 est
1282 391 1294 410 ,
1316 370 1365 402 νε
1388 352 1540 404 contra
1561 375 1652 404 non
1674 357 1754 405 alia
1765 378 1847 407 vn-

259 443 393 494 quam
408 423 676 471 summorum
690 423 890 471 virorum
910 423 1110 471 conditio
1133 423 1260 470 fuerit
1280 442 1290 469 :
1312 424 1428 470 cuius
1454 425 1514 472 rei
1528 426 1739 494 praecipue
1763 447 1847 476 no-

260 496 325 544 bis
343 493 586 559 exemplum
599 491 860 539 Athanasius
883 501 925 539 &
941 493 1278 557 Chrysostomus
1302 494 1506 558 praebent.
1546 497 1790 564 Origenem
1804 517 1848 546 e·

259 566 351 613 nim
366 584 417 612 ne
440 564 466 626 ij
483 560 660 628 quidem
683 562 777 609 satis
797 562 992 610 excusa-re
1016 558 1250 628 potuerunt
1272 563 1347 629 qui
1370 562 1466 614 sunt
1485 564 1538 612 ab
1559 584 1610 612 eo
1634 563 1843 615 fascinati.

262 629 481 683 Caeterum
509 633 598 679 iure
609 650 663 691 an
677 631 834 679 iniuria
851 649 918 679 tot
946 632 990 679 in
1004 651 1102 696 eumv
1124 633 1316 699 Vndique
1338 633 1475 682 hostes
1497 634 1711 692 ferantur,
1742 655 1847 703 ope-

259 704 506 770 raepretium
520 720 695 768 quoque
724 701 854 749 fuerit
875 740 886 758 ,
909 701 1159 768 expendere.
1193 707 1351 749 Monet
1374 705 1592 752 Dominus
1614 722 1661 754 νε
1683 725 1732 753 ex
1757 706 1848 754 fru-

260 775 395 821 stibus
415 772 812 838 Pseudoprophetas
834 772 1150 839 dignoscamus.
1181 776 1281 819 Hos
1305 772 1464 820 fruetus
1491 774 1568 821 effe
1588 775 1726 823 statuo
1743 814 1755 833 ,
1778 776 1847 824 vi-

260 862 348 892 tam
376 851 420 890 &
443 841 705 890 doctrinam.
739 847 788 888 In
812 843 986 889 Caluini
1001 842 1092 890 vita
1104 840 1211 909 quid
1232 839 1297 890 isti
1320 843 1847 911 tandem‘reprehendent,

258 912 337 961 nisi
352 913 436 961 hoc
459 913 539 959 illis
559 911 766 959 vitiosum
785 911 955 961 videtur
978 909 1099 979 quod
1117 930 1268 960 eorum
1280 912 1461 962 minime
1471 912 1617 963 similis
1630 915 1737 963 fuit?
1763 915 1847 963 ho-

260 1002 337 1031 mo
348 983 510 1051 alioqui
531 998 728 1049 peccator
744 985 825 1039 (ne
839 982 1004 1049 quisita
1019 982 1200 1029 insaniat
1221 998 1270 1029 vt
1292 981 1406 1029 hunc
1431 979 1455 1030 a
1473 1001 1542 1030 me
1557 985 1730 1033 velutin
1743 984 1847 1034 deos

261 1053 410 1102 referri
429 1072 528 1101 cum
542 1052 895 1100 Antichristianis
920 1052 999 1100 illis
1021 1051 1246 1119 mancipiis
1268 1051 1487 1113 clamitet)
1512 1052 1582 1101 sed
1597 1091 1608 1111 ,
1635 1071 1684 1104 νε
1697 1059 1849 1104 onmia

261 1124 404 1190 paucis
422 1123 565 1171 dicam
579 1159 590 1178 ,
612 1122 697 1170 istis
721 1121 890 1189 prorsus
911 1121 1122 1170 dissimilis
1135 1159 1147 1179 ‚
1162 1122 1237 1188 qui
1248 1139 1384 1189 neque
1395 1119 1642 1190 cuiusquam
1654 1142 1849 1193 vnquam

261 1194 450 1262 gratiam
462 1191 641 1259 captaffe
654 1230 665 1248 ,
680 1193 756 1260 qui
774 1194 913 1241 nullos
934 1210 1130 1260 vnquam
1154 1192 1342 1240 honores
1363 1192 1585 1242 ambiuisse
1598 1231 1610 1250 ‚
1623 1195 1697 1261 qui
1710 1196 1845 1244 nullas

261 1282 456 1330 vnquam
480 1282 580 1330 opes
604 1262 690 1310 dici
715 1262 843 1328 possit
863 1260 1093 1330 quaesiuiffe
1114 1300 1127 1318 ,
1151 1262 1218 1309 cui
1240 1279 1384 1310 tamen
1411 1262 1521 1310 nihil
1540 1263 1851 1315 eorum‘defuit

262 1335 416 1401 quibus
437 1332 490 1381 ad
506 1353 570 1380 eas
584 1352 647 1379 res
669 1334 788 1381 abuti
800 1332 998 1380 homines
1015 1328 1203 1380 nimium
1215 1332 1337 1380 multi
1358 1332 1680 1381 consueuerunt.
1705 1333 1757 1381 Id
1772 1353 1849 1385 ve·-

263 1402 315 1452 ro
337 1424 390 1452 an
401 1405 486 1452 istis
496 1402 620 1469 ipsius
633 1404 913 1472 antagonistis
925 1403 1169 1459 conueniat,
1183 1421 1332 1450 omnes
1344 1402 1389 1449 in
1405 1420 1594 1469 quorum
1605 1404 1737 1452 oculis
1749 1423 1850 1454 ver-

263 1474 408 1523 sant-ur
427 1473 672 1522 iudicant&
697 1479 745 1520 In
765 1474 968 1521 dodtrina
987 1470 1093 1521 vero
1115 1472 1223 1540 quid
1244 1472 1310 1519 isti
1332 1471 1680 1538 reprehendunt?
1700 1479 1846 1523 Arro-

263 1540 373 1592 dunt
386 1545 585 1593 nonnulli
603 1543 717 1591 hunc
730 1545 799 1592 vel
820 1545 940 1591 illum
953 1544 1096 1591 locum
1110 1559 1160 1590 ex
1171 1540 1295 1608 ipsius
1309 1541 1473 1608 scriptis
1488 1561 1748 1610 excerptum,
1763 1545 1847 1593 ho-

264 1616 401 1663 mines
415 1614 603 1663 maxima
615 1633 664 1662 ex
675 1631 795 1682 parte
805 1613 862 1662 sic
874 1613 1064 1681 imperiti
1087 1630 1136 1661 νε
1147 1632 1199 1661 ne
1220 1611 1477 1660 refutatione
1488 1613 1669 1681 quidem
1679 1631 1849 1684 egeant,

266 1685 384 1754 quafi
399 1705 447 1734 ex
467 1704 518 1733 eo
531 1685 652 1752 quod
666 1683 879 1751 quispiam
898 1701 1015 1732 certo
1028 1684 1126 1732 loco
1147 1683 1336 1731 breuiter
1352 1681 1561 1750 scripserit
1574 1722 1586 1740 ,
1609 1685 1755 1736 statim
1765 1685 1851 1733 sta..

264 1755 475 1804 tuendum
490 1755 540 1803 sit
564 1755 673 1823 quid
694 1753 872 1822 quisque
882 1754 934 1802 de
954 1754 1162 1823 dogmate
1184 1754 1394 1821 quopiam
1406 1751 1593 1802 senserit.
1618 1755 1706 1821 Alij
1723 1754 1850 1822 quas-

266 1826 369 1874 dam
381 1827 465 1874 eius
478 1826 778 1894 explicationes
789 1845 878 1873 non
891 1825 1093 1892 probant.
1112 1832 1155 1872 &
1167 1822 1264 1872 sane
1279 1819 1416 1871 modo
1427 1824 1536 1871 nihil
1548 1825 1714 1876 dicatur
1728 1824 1851 1892 quod

267 1916 366 1945 cum
388 1896 488 1945 fidei
508 1897 710 1965 analogia
731 1916 820 1943 non
835 1894 1230 1951 consentiat,suum
1251 1894 1321 1941 hic
1346 1893 1495 1961 cuique
1521 1894 1851 1956 iudiciumlibe-

267 1987 364 2016 rum
379 1967 455 2015 ess'e
472 1983 669 2034 oportet,
689 1974 730 2014 δε
743 1966 911 2033 spiritus
934 1965 1250 2032 Prophetarum
1271 1964 1496 2030 Prophetis
1512 1965 1733 2013 subieEtos.
1767 1964 1851 2013 Sed

267 2049 360 2106 quae
373 2038 462 2085 haec
472 2039 529 2085 est
542 2037 797 2103 improbitas
809 2075 821 2093 ,
834 2036 1004 2084 donum
1016 2035 1121 2083 illud
1133 2036 1497 2101 interpretationis
1510 2034 1850 2102 excellens'quod

268 2109 368 2156 huic
397 2108 569 2156 homini
592 2113 709 2155 Deus
733 2106 1010 2163 concesserat,
1032 2105 1117 2153 slue
1138 2105 1286 2170 iudicij
1306 2123 1483 2152 acumen
1497 2144 1508 2162 ,
1528 2104 1614 2152 siue
1637 2106 1848 2154 eruditio-

268 2197 369 2226 nem
384 2216 396 2233 ,
410 2178 495 2227 siue
508 2178 744 2225 candorem
770 2171 926 2244 spedtes
937 2215 948 2233 ,
963 2177 1032 2225 vel
1044 2175 1257 2242 aspernari
1279 2175 1449 2242 prorsus
1463 2213 1474 2229 ,
1490 2177 1558 2223 vel
1570 2175 1847 2232 dissimulare,

269 2266 318 2296 vt
334 2249 540 2296 nonnulla
552 2264 622 2296 aut
645 2267 734 2295 non
753 2245 1048 2295 animaduersa
1062 2284 1073 2303 ,
1096 2262 1166 2293 aut
1180 2246 1276 2293 satis
1288 2244 1478 2314 appofite
1491 2245 1605 2293 dicta
1615 2246 1848 2312 reprehen-

271 2319 345 2367 das
360 2323 372 2366 ἒ
389 2324 497 2368 Non
516 2314 807 2385 minusi'niqui
820 2318 936 2374 sunt,
950 2316 1025 2384 qui
1036 2313 1158 2384 quod
1169 2335 1259 2363 non
1281 2315 1433 2363 iisdem
1454 2332 1581 2383 atque
1598 2316 1665 2380 alij
1679 2315 1847 2363 formu-

274 2390 321 2436 lis
334 2406 405 2437 aut
418 2389 767 2448 distincitionibus
788 2405 937 2437 Vtatur
957 2425 969 2443 ,
997 2387 1131 2435 veluti
1148 2383 1268 2453 quod
1283 2385 1416 2435 fidem
1437 2405 1529 2434 non
1549 2386 1695 2433 fecerit
1705 2385 1848 2451 poeni-

275 2459 418 2507 tentiae
441 2477 608 2526 partem
623 2497 634 2515 ,
659 2455 781 2527 quod
804 2458 950 2506 cordis
970 2457 1280 2504 contritionem
1302 2475 1382 2504 nos
1403 2473 1530 2505 vocet
1540 2454 1846 2503 mortificatio-

276 2548 375 2576 nem
386 2568 396 2585 ,
411 2527 532 2597 quod
547 2530 778 2578 venialis&
790 2528 982 2576 mortalis
994 2527 1155 2594 peccati
1167 2525 1441 2574 distinitione
1457 2543 1547 2572 non
1560 2522 1847 2591 Vtatur‚quod

274 2619 365 2648 non
378 2600 530 2647 doceat
553 2598 702 2647 Fidem
725 2608 768 2647 δε
779 2604 905 2665 Spem
916 2597 1162 2665 adoptionis
1180 2597 1346 2652 amitti,
1357 2596 1466 2644 ferre
1477 2594 1522 2643 in
1534 2594 1626 2661 ipso
1640 2614 1732 2642 non
1745 2594 1845 2661 pos-

273 2669 368 2716 sunt
383 2707 394 2724 ,
410 2678 452 2716 ὃς
477 2668 746 2718 occasionem
769 2668 1020 2718 aduersariis
1032 2686 1112 2715 nos
1123 2684 1331 2734 tanquam
1353 2663 1599 2712 dissidentes
1619 2664 1845 2712 accusandi

273 2740 463 2805 praebent
476 2777 486 2795 ‚
512 2758 647 2807 quum
655 2758 825 2796 tamen,
837 2737 868 2786 fi
879 2739 972 2806 quis
988 2737 1138 2785 omnia
1151 2733 1325 2805 propius
1337 2734 1546 2802 expendat
1561 2772 1573 2791 ‚
1585 2734 1652 2783 vel
1663 2735 1844 2792 nullum,

274 2811 342 2857 vel
359 2810 585 2857 leuiculum
598 2813 642 2858 in
656 2811 782 2859 rebus
795 2807 889 2877 ipsis
905 2807 1125 2855 disfidium
1141 2806 1217 2855 esse
1227 2807 1277 2856 sit
1288 2802 1847 2872 comperturu55velfortaffe

275 2882 292 2937 (
307 2878 429 2946 quod
442 2880 706 2929 confidenter
720 2881 822 2928 dico
836 2885 853 2943 )
867 2879 1100 2927 Caluinum
1111 2876 1160 2925 sit
1172 2877 1347 2927 tandem
1359 2875 1534 2924 fassurus
1554 2892 1645 2922 non
1666 2875 1720 2923 ab
1730 2893 1776 2922 re
1788 2873 1844 2922 de

274 2948 531 3014 quibusdam
547 2948 674 3017 paulo
697 2952 817 2999 aliter
845 2950 1003 2997 dixiffe.
1043 2947 1177 3012 Qfi
1197 2944 1303 2999 vero
1325 2948 1370 2994 in
1381 2946 1592 2994 veteribus
1614 2946 1743 2993 etiam
1762 2944 1844 2992 illis

275 3036 380 3084 quos
391 3022 588 3069 nonnulli
610 3021 899 3071 volunt‘omni
911 3019 1160 3086 exceptione
1185 3017 1263 3068 effe
1273 3016 1627 3071 maioteS,eadem
1639 3031 1710 3072 aut
1722 3012 1844 3130 filmi-,

1682 3121 1685 3122 γ
1764 3100 1842 3131 iter
