2113 3674
791 109 1231 162 PRiAEfATIO.
1796 146 1826 182 ις

200 185 233 218 in
246 196 342 219 vnam
355 182 456 217 fidem
469 187 484 216 ,Ρ
498 183 579 226 Quo
592 183 785 231 diligentius
801 197 913 219 cauere
925 186 984 219 dc-

200 232 300 272 bcnt‚
314 230 612 280 quiC.1tecliismos
634 235 739 267 edunt
752 235 785 266 in
798 234 981 280 publicum,

197 295 238 316 ne
251 282 330 328 quid
342 293 465 315 temere
483 280 683 329 proferendo
704 293 772 315 non
792 284 838 316 irr
847 281 982 328 praescns

198 330 303 364 modo
322 329 373 363 sed
395 331 494 364 etiatn
517 331 555 364 ad
570 329 736 377 posteros,
759 341 828 365 tum
846 344 980 379 grauem

195 379 312 424 pietati
325 391 444 412 noxam
459 402 468 417 ,
481 390 550 412 tum
563 380 691 413 exitiale
701 378 851 414 Ecclcfiae
862 381 980 414 vulnus

194 426 359 474 infligant.
392 429 470 462 Hoc
482 428 558 462 ideo
569 426 692 475 praefari
705 428 796 462 volui
810 440 867 468 ,vt
878 428 910 463 id
923 441 980 464 rne

193 487 330 523 quoque
343 500 352 515 ,
368 475 459 510 sicuti
479 487 628 523 parerat,
641 489 709 511 non
722 475 890 524 postremo
900 478 978 512 loco

190 522 341 572 speetaffe
354 548 364 564 ,
389 526 536 559 testatum
549 523 623 561 esset
636 524 830 564 lectoribus,
843 538 884 560 ne
896 526 975 573 quid

190 572 299 608 inisto
312 586 387 608 meo
408 572 621 609 catechismo
641 576 801 608 traderem
818 598 828 613 ,
847 574 903 609 nisi
924 588 974 609 re-

191 633 293 669 ceptae
304 625 390 656 i‘nter
406 634 523 656 omnes
537 628 610 669 pios
629 623 787 657 doctrinae
799 622 975 658 consenta—

190 684 302 705 neum.
333 674 446 718 Atque
458 671 608 718 idipsum*
619 672 709 719 quod
722 671 894 718 profiteor,
906 685 974 707 non

189 730 310 753 vanum
325 719 384 754 effe
397 721 678 768 comperient,qui
692 721 869 755 candorem
881 723 914 756 in
924 722 974 755 le-

189 769 278 817 getio
292 766 470 815 sanumque
483 770 640 803 iudicium
652 768 874 805 adhibuerint.
889 771 974 804 Cer-

187 818 221 852 te
242 830 295 852 me
316 815 526 852 consecutum
547 817 606 852 effe
627 817 765 852 confido
786 842 796 857 ,
823 831 859 852 vt
879 818 974 853 labor

187 878 281 901 meus
293 866 391 900 bonis
402 866 559 901 omnibus
570 891 580 906 ,
593 865 613 900 si
625 880 690 900 non
705 865 839 901 satisfaci
853 879 887 906 it,
898 879 971 915 gra-

185 909 238 950 tus
252 927 361 949 tamen
375 914 467 954 sit,vt
481 914 537 963 qui
553 916 641 949 vtilis
654 915 693 949 ab
706 915 780 962 ipsis
794 916 968 950 censeatur.

186 964 292 1009 Qod
304 975 413 998 autem
425 967 581 999 Latinum
592 962 704 1004 feci,in
715 977 755 997 eo
773 964 793 998 si
805 963 889 999 forte
898 966 972 1011 qui-v

185 1011 321 1047 busdam
336 1025 403 1047 non
416 1013 614 1059 probabitur
626 1015 702 1047 mesi
714 1012 971 1052 confilium‚eius

185 1072 297 1096 tamen
319 1063 428 1096 multae
443 1064 586 1097 rationes
606 1062 689 1096 mihi
708 1064 874 1102 constant,
891 1075 970 1111 quas

184 1123 272 1144 nunc
287 1109 405 1145 referre
415 1110 636 1150 omnes,nihil
647 1111 776 1146 attinet:
791 1112 919 1146 tantum
933 1125 973 1156 e<

183 1160 371 1207 ligarn.quae
381 1159 418 1192 ad
430 1160 594 1194 vitandam
604 1159 891 1205 reprehenfionem
904 1159 968 1194 suf-

182 1206 282 1241 ficere
294 1208 477 1242 videantur.
491 1208 639 1243 Primum
654 1208 685 1241 in
698 1209 761 1242 hoc
773 1219 837 1243 tam
849 1207 970 1244 confu-

181 1254 216 1290 so
229 1254 451 1304 diffipatdque
461 1256 642 1291 Christiani
657 1258 805 1290 nominis
819 1257 913 1298 statu,
930 1270 968 1290 v-

182 1305 240 1339 tile
253 1305 313 1340 effe
330 1306 442 1339 iudico
454 1329 463 1344 ‚
485 1317 592 1340 extare
614 1305 744 1352 publica
763 1306 966 1347 testimonia,

181 1354 303 1402 quibus
315 1353 547 1402 Eccleliae‚quae
560 1355 668 1402 lon‘gis
678 1355 802 1400 alioqui
817 1356 967 1390 locorum

181 1403 294 1450 spaciis
308 1402 694 1441 diffirae‚c0nscntientem
708 1403 850 1438 habetin
862 1404 967 1440 Chri-

180 1451 232 1488 sto
245 1452 445 1491 doctrinam,
458 1451 488 1486 se
500 1452 616 1487 mutuo
628 1451 817 1499 agnoscant.
830 1456 964 1488 Praeter-

182 1514 280 1548 quam
294 1502 383 1535 enim
395 1501 489 1548 quod
507 1502 547 1536 ad
571 1512 716 1536 mutuam
730 1501 965 1537 confirmatio-

181 1563 255 1584 nem
266 1552 312 1584 ηό
324 1562 433 1598 parum
444 1550 527 1584 istud
539 1551 633 1583 valet:
649 1551 729 1597 quid
746 1552 851 1598 magis
865 1564 966 1599 expe-

181 1599 319 1634 tendum
334 1623 344 1638 ,
355 1600 456 1646 quim
468 1611 503 1634 vt
515 1598 575 1633 fibi
587 1600 675 1633 vltro
686 1597 838 1647 citroque
851 1612 965 1648 gratu-

180 1648 364 1694 lantes'‚piis
378 1650 464 1683 votis
477 1649 543 1682 aliae
554 1648 630 1682 alias
643 1649 798 1683 Domino
811 1652 965 1684 comme‘-

179 1696 274 1731 dent?
287 1695 434 1731 solebant
443 1698 526 1731 olim
538 1698 570 1731 in
583 1696 668 1732 hunc
680 1696 781 1732 finem
793 1696 964 1746 Episcopi,

180 1745 259 1779 cum
277 1745 384 1780 adhuc
405 1745 501 1780 staret
530 1744 614 1789 inter
630 1758 748 1780 omnes
769 1745 964 1795 vigere‘tque

179 1793 261 1829 fidei
280 1793 452 1830 consensus
462 1818 471 1832 ‚
491 1794 659 1841 synodales
693 1795 847 1843 epistolas
875 1807 964 1830 trans

178 1855 269 1879 mare
279 1845 427 1878 mittere:
443 1845 575 1891 quibus,
587 1855 742 1892 tanquam
753 1844 873 1879 tefferis
882 1869 893 1885 ‚
912 1843 963 1879 sa-

179 1903 266 1926 cram
282 1893 367 1927 inter
388 1892 544 1929 Ecclesias
564 1895 840 1928 communionem
855 1892 962 1929 sanci-

178 1951 266 1975 rent.
294 1944 432 1988 Qanto
455 1955 542 1977 nunc
555 1965 566 1981 ‚
586 1943 620 1976 in
636 1941 694 1977 hac
709 1954 776 1977 tam
797 1942 962 1978 horrenda

179 1988 360 2025 Christiani
373 1990 464 2025 orbis
478 1991 639 2030 vastitate,
653 1993 758 2040 magis
770 1991 892 2026 necefl'e
901 1991 960 2032 est,

179 2050 294 2085 paucas
312 2039 468 2074 Ecclesias
479 2063 488 2077 ‚
509 2052 579 2088 quae
589 2041 702 2075 Deum
712 2040 772 2075 rite
786 2041 958 2080 introcant,

179 2091 212 2122 ἃ
223 2100 273 2121 eas
283 2088 418 2134 quidem
430 2087 582 2136 dispersas
595 2113 605 2128 ,
623 2094 654 2125 &
674 2090 821 2136 vndique
830 2091 960 2124 circun-

180 2134 283 2182 septas
301 2135 445 2183 profanis
469 2139 666 2173 Antichristi
680 2137 852 2185 synagogis
865 2162 875 2178 ,
895 2139 960 2173 hoc

179 2182 294 2218 sinsiae
304 2187 549 2221 coniunctionis
570 2187 754 2233 symbolum
775 2188 850 2221 dare
863 2186 960 2222 vicis-

181 2231 239 2266 sim
253 2237 284 2268 δι
296 2236 441 2280 accipere
454 2257 464 2273 ,
482 2236 568 2269 vnde
581 2237 618 2269 ad
633 2237 723 2270 illum
736 2259 746 2275 ,
766 2248 865 2282 quem
877 2236 959 2276 dixi,

181 2282 390 2328 complexum
412 2283 588 2317 incitentur
605 2286 618 2316 ?
640 2284 745 2325 Quod
766 2284 787 2318 si
800 2284 864 2319 hoc
874 2286 959 2320 adeo

180 2328 225 2364 est
238 2329 339 2365 hodie
350 2329 558 2365 neceffarium
576 2345 584 2365 ε
604 2334 683 2377 quid
705 2334 746 2367 de
769 2333 959 2380 posteritate

179 2377 356 2413 sentiemus
367 2382 381 2411 ?
397 2381 451 2413 De
464 2392 526 2426 qua
538 2393 602 2427 ego
614 2380 655 2414 sic
663 2379 730 2414 sum
737 2384 898 2421 anxius,vt
906 2394 959 2417 ta-

179 2439 256 2462 rnen
275 2429 327 2461 vix
345 2429 491 2475 cogitare
511 2431 660 2463 audeam.
697 2429 769 2463 Nisi
790 2432 878 2464 enim
892 2433 956 2465 mi-

179 2475 327 2511 rabiliter
346 2478 441 2511 Deus
460 2477 477 2510 ὲ
499 2478 584 2511 coelo
613 2476 801 2512 succurrerit
817 2501 827 2517 ‚
847 2479 959 2513 videre

179 2524 263 2559 mihi
276 2525 391 2560 videor
403 2537 578 2560 extremam
592 2525 772 2560 barbariem
783 2527 959 2572 impende-

178 2586 213 2607 re
222 2573 308 2608 orbi.
338 2577 450 2621 Atque
469 2577 594 2609 vtinam
611 2587 678 2609 non
688 2574 788 2622 paulo
800 2575 872 2621 post
884 2574 958 2610 sen-

179 2623 265 2656 tiant
276 2622 334 2667 filij
346 2623 462 2663 nostri,
473 2621 562 2658 fuiffe
573 2624 638 2658 hoc
651 2636 763 2658 verum
776 2625 887 2670 potius
898 2637 954 2659 va-

178 2671 449 2719 ticinium‚qu?irn
462 2673 698 2707 conieffiiram.
712 2675 791 2718 Qo
806 2674 908 2720 magis
919 2687 956 2708 e-

176 2719 394 2755 laborandum
408 2721 506 2756 nobis
518 2721 563 2756 est
573 2745 584 2760 ,
596 2734 629 2756 vt
639 2720 877 2768 qualescunque
888 2723 954 2757 Ec„-

176 2768 278 2802 clesiae
291 2770 441 2816 reliquias
453 2793 463 2809 ‚
484 2782 555 2817 quae
575 2770 647 2818 post
659 2782 799 2805 mortem
811 2770 953 2806 nostram

174 2816 360 2857 restabunt,
374 2819 424 2852 vel
437 2820 534 2853 etiam
547 2831 719 2867 emergent
730 2843 740 2858 ‚
753 2817 878 2865 scriptis
889 2832 950 2854 no-

173 2864 247 2899 stris
268 2867 473 2915 colligamus.
513 2869 556 2902 Et
574 2869 634 2902 alia
659 2869 793 2916 quidem
813 2867 953 2915 scripto-

173 2926 245 2948 rum
257 2917 462 2963 generaiquis
472 2916 582 2951 noster
590 2920 741 2952 omnium
752 2916 890 2951 fueritin
900 2930 953 2952 re-

172 2963 302 3010 ligione
328 2963 433 2999 sensus
445 2988 454 3004 ‚
478 2965 652 3000 ostendent
673 2980 681 3000 ι
703 2964 756 2999 sed
779 2964 953 3002 illustriore

173 3011 392 3051 documento,
405 3026 502 3060 quarn
516 3015 600 3048 inter
611 3014 640 3048 se
651 3013 825 3049 habuerint
835 3015 952 3050 Eccle-

172 3058 222 3095 siae
234 3061 350 3095 nostrae
370 3063 528 3097 dostrinae
556 3064 789 3102 concordiam,
814 3062 952 3111 perspici

172 3121 241 3142 non
252 3112 376 3156 poterit
386 3133 396 3150 ‚
415 3111 513 3155 quam
524 3124 560 3146 ex
572 3111 800 3146 Catechismis.
828 3113 900 3147 mic
915 3126 952 3148 e-

174 3158 244 3191 nim
265 3171 332 3192 non
353 3159 458 3194 mode,
480 3161 558 3206 quid
578 3158 676 3194 semel
699 3161 848 3194 docuerit
869 3173 952 3196 vnus

173 3204 293 3248 homo,
304 3219 357 3243 aut
367 3207 458 3249 alter,
469 3209 704 3258 apparebitzsed
714 3209 833 3259 quibus
844 3209 861 3245 ὲ
868 3222 952 3259 pue-

1034 186 1107 219 ritia
1136 187 1334 223 rudimentis
1362 187 1483 224 imbuti
1514 192 1676 238 perpetuo
1695 191 1818 231 fuerint

1032 235 1117 280 apud
1136 247 1196 268 nos
1215 236 1307 272 doffi
1327 237 1527 286 simulatque
1541 241 1690 276 indoffi:
1711 244 1817 279 vtha-

1032 282 1125 316 bere't
1137 283 1200 317 hoc
1211 297 1324 320 omnes
1337 286 1462 326 fideles,
1471 287 1555 336 quali
1567 288 1701 329 solenne
1711 291 1814 328 cbri-

1030 329 1138 364 stianae
1150 337 1398 370 communionis
1420 335 1815 387 symbolum-Atquehaec

1029 377 1103 413 sane
1124 382 1283 428 praecipua
1305 383 1388 418 mihi
1402 383 1462 420 fuit
1485 386 1607 420 edendi
1632 386 1727 423 huius
1743 393 1812 426 Ca-

1028 427 1179 463 techilini
1189 432 1401 467 ratio-Valuit
1412 444 1517 469 tamen
1528 447 1596 469 non
1608 448 1718 483 parurn
1727 450 1816 486 quo-

1027 487 1092 522 que
1111 478 1209 512 altera
1219 501 1230 517 ,
1251 479 1352 527 quod·
1364 482 1466 518 cuma
1479 484 1632 530 plurimis
1644 484 1816 523 defiderari

1025 525 1386 574 audiebam‚qui;1le<stu
1397 537 1465 565 non
1477 532 1651 580 indignum
1662 532 1733 569 sore
1742 535 1816 584 spe-

1026 585 1144 608 rarent.
1165 575 1382 613 Iudicic'meid
1395 592 1433 612 an
1445 591 1575 621 errore,
1599 586 1816 629 pronun't'nre

1025 634 1096 656 non
1113 622 1159 658 est
1174 637 1284 659 meum
1296 647 1306 665 ,
1326 625 1377 661 scd
1390 640 1503 662 eorum
1514 640 1624 665 tamen
1641 643 1724 666 voto
1736 646 1814 668 rno—

1024 683 1091 705 rem
1117 684 1230 720 gerere
1241 684 1368 721 aequum
1383 673 1454 711 fuit.
1483 679 1676 725 Qnetiam
1692 682 1814 717 iniecta

1025 720 1365 769 mihipropemodiirn
1379 723 1545 761 necessitas
1558 740 1635 768 erat,
1647 741 1689 763 ne
1700 730 1814 767 liceret

1023 769 1159 816 impune
1171 771 1456 807 detrectareNmn
1470 774 1544 808 cum
1557 788 1632 811 ante
1643 791 1749 814 annos
1762 778 1814 823 se·-

1023 828 1114 864 ptem
1128 818 1214 853 edita
1227 820 1244 854 a
1258 832 1310 854 me
1322 820 1397 856 esset
1410 820 1517 856 breuis
1531 825 1804 872 religionis'sum—

1022 879 1074 900 ma
1085 866 1140 900 sub
1154 868 1355 904 catechismi
1368 872 1518 910 nomine:
1529 874 1663 909 verebar
1673 876 1730 910 nisi
1746 876 1814 911 hoe

1021 916 1055 948 in
1068 915 1214 950 medium
1229 919 1357 963 prolato
1370 942 1380 958 ‚
1400 931 1637 957 anteuerterem
1651 946 1662 963 ,
1683 937 1722 959 ne
1734 926 1800 963 illa,

1020 964 1111 1010 quod
1124 966 1418 1004 nolebam,rursum
1430 969 1766 1008 excluderetur.Bono
1779 976 1810 1008 i-

1021 1013 1109 1060 gitur
1120 1013 1254 1060 publico
1269 1014 1287 1049 fi
1301 1017 1418 1051 vellem
1431 1016 1745 1058 consultum,curare
1758 1035 1810 1058 me

1019 1064 1192 1107 oportuit,
1205 1063 1419 1111 vthic‚quem
1433 1074 1496 1115 ego
1508 1066 1718 1114 praeferebam
1731 1095 1741 1111 ,
1755 1073 1808 1106 lo-
1843 1100 1847 1107 .

1020 1122 1095 1144 cum
1109 1123 1297 1159 occuparet.
1315 1116 1471 1149 Praeterea
1481 1118 1520 1155 ad
1533 1119 1718 1164 exemplum
1732 1133 1808 1167 per-

1018 1159 1123 1193 tinere
1131 1159 1286 1200 arbitror,
1300 1162 1399 1209 reipsa
1412 1163 1563 1199 testatum
1577 1166 1652 1202 ficri
1662 1170 1831 1212 munden„

1020 1220 1080 1240 nos
1092 1209 1148 1254 qui
1162 1209 1312 1243 Eccleliae
1324 1212 1566 1248 restitutionem
1584 1216 1756 1258 molimur,
1767 1230 1808 1252 v-

1019 1255 1120 1303 bique
1130 1259 1164 1291 in
1176 1257 1258 1293 hanc
1268 1271 1392 1305 partem
1407 1260 1549 1296 fideliter
1557 1265 1807 1306 incumbermvt

1018 1302 1129 1339 saltem
1150 1306 1352 1342 catechismi
1372 1307 1441 1342 vsus
1455 1312 1511 1357 qui
1524 1312 1735 1359 aliquotante
1745 1315 1806 1352 hac

1017 1352 1130 1387 seculis
1151 1351 1208 1388 sub
1221 1358 1341 1404 Papatu
1351 1356 1495 1393 abolitus
1507 1359 1591 1400 fuit,
1615 1365 1805 1411 nuncquafi

1017 1403 1222 1449 postliminio
1232 1406 1353 1439 redeat.
1370 1407 1459 1441 Nam
1474 1421 1580 1455 neque
1591 1408 1663 1450 satis
1677 1411 1739 1459 pro
1752 1413 1805 1448 sua.

1017 1452 1159 1486 vtilitate
1171 1454 1373 1489 commedari
1393 1458 1497 1502 potest
1509 1457 1659 1497 sanetum
1672 1461 1734 1496 hoc
1748 1464 1810 1498 in-v:

1015 1498 1186 1536 stitutum:
1206 1515 1265 1536 nec
1286 1502 1510 1548 Papistisl'atis
1525 1507 1713 1554 exprobrari
1733 1519 1802 1547 tam

1015 1548 1178 1597 flagitiosa
1199 1554 1379 1599 corruptela
1391 1576 1401 1593 ,
1414 1555 1504 1602 quod
1526 1556 1603 1591 illud
1617 1559 1649 1592 in
1662 1554 1806 1606 pueriles⁴

1015 1600 1178 1634 vertendo
1190 1601 1330 1649 ineptias
1342 1624 1352 1642 ‚
1372 1615 1440 1638 non
1453 1605 1559 1640 mod&
1572 1606 1768 1644 sustulerunt
1782 1610 1800 1645 ἑ

1014 1648 1148 1688 medio,
1161 1649 1213 1684 sed
1226 1663 1266 1685 eo
1285 1654 1421 1700 quoque
1430 1653 1470 1688 ad
1489 1654 1623 1701 impurae
1641 1661 1673 1692 &
1688 1659 1800 1706 impiae

1014 1695 1253 1743 superstitionis
1268 1712 1460 1747 praetextum
1475 1705 1615 1750 turpiter
1627 1703 1698 1741 sunt
1716 1708 1800 1743 abu-

998 1762 1002 1766 “
1013 1744 1104 1779 s1.Ad
1111 1748 1280 1783 ulterinam
1290 1752 1378 1784 enir'n
1392 1750 1480 1785 illam
1493 1751 1799 1798 confirmationem,

1012 1805 1110 1841 quam
1123 1796 1157 1830 in
1170 1797 1238 1830 eius
1249 1798 1360 1833 locum
1370 1798 1601 1848 subrogarunt,
1617 1803 1716 1840 instar
1726 1817 1802 1841 rne-

1011 1845 1138 1879 tetricis
1164 1858 1287 1894 magno
1322 1850 1584 1888 ceremoniarum
1611 1850 1797 1899 splendore,

1010 1891 1186 1940 multisque
1206 1907 1403 1943 pomparum
1421 1895 1502 1932 fucis
1525 1898 1590 1934 line
1613 1902 1718 1936 modo
1739 1916 1801 1937 or-

1010 1954 1089 1976 nant
1101 1956 1108 1975 :
1120 1944 1301 1990 quinetiam
1313 1946 1390 1980 dum
1403 1954 1518 1982 ornare
1532 1949 1798 1991 volunt,execrft-

1011 1990 1060 2024 dis
1073 1990 1280 2038 blasphemiis
1290 1994 1549 2034 'adornanndum
1561 1996 1796 2036 sacramentum

1010 2038 1070 2073 effe
1081 2040 1201 2076 iastant
1211 2041 1380 2089 Baptismo
1393 2044 1733 2096 digniuswoczintque
1747 2048 1794 2083 se-

1010 2087 1252 2124 michristianos
1270 2115 1280 2128 ‚
1304 2094 1495 2140 quicunque
1510 2093 1631 2129 foetido
1643 2095 1701 2132 suo
1715 2099 1792 2132 oleo

1009 2149 1078 2171 non
1091 2136 1212 2173 fuerint
1229 2138 1344 2176 infecti
1366 2156 1374 2176 ι
1392 2143 1525 2177 interim
1546 2145 1625 2179 vero
1640 2157 1710 2180 tota
1733 2159 1794 2180 eo-

1009 2197 1081 2219 rum
1093 2188 1179 2221 adio
1190 2188 1274 2222 nihil
1287 2190 1386 2236 quam
1398 2190 1603 2226 histrionicas
1616 2195 1791 2241 gesticula-

1009 2235 1118 2269 tiones
1134 2238 1272 2272 c6tinet:
1287 2239 1337 2272 vel
1356 2241 1466 2286 potius
1481 2240 1615 2276 lasciuos
1627 2243 1793 2279 iimiarum

1008 2281 1229 2333 lusuS,absque
1239 2287 1300 2321 vlli
1313 2288 1532 2323 aemulationis
1544 2302 1624 2325 arte.

1062 2335 1130 2368 Vos
1142 2346 1249 2370 autem
1264 2333 1375 2371 fratres
1389 2337 1471 2375 mihi
1492 2338 1524 2372 in
1545 2340 1700 2374 Domino
1713 2339 1792 2375 cha-

1006 2380 1070 2415 tiss.
1081 2382 1200 2430 quibus
1212 2382 1317 2430 ipsum
1335 2398 1555 2434 nuncuparem
1569 2410 1579 2429 ‚
1593 2389 1677 2430 *ideo
1690 2391 1788 2438 elegi,

1007 2431 1084 2476 quia
1095 2443 1310 2479 praeterquam
1323 2434 1413 2480 quod
1426 2448 1478 2473 me
1491 2437 1588 2470 amari
1601 2437 1618 2471 a
1635 2437 1744 2478 vobis,
1757 2444 1791 2475 &

1008 2477 1181 2527 plerosque
1191 2484 1289 2516 etiarn
1310 2482 1453 2518 vestrum
1468 2481 1592 2531 scriptis
1605 2488 1686 2520 meis
1697 2488 1789 2527 dele-

1007 2528 1088 2562 &ari
1107 2531 1261 2568 nonnulli
1276 2543 1312 2566 ex
1327 2533 1432 2569 vestro
1453 2544 1540 2566 coetu
1560 2533 1644 2568 mihi
1661 2535 1790 2572 indica-

1007 2587 1121 2610 uerant
1131 2601 1142 2615 ,
1154 2578 1187 2612 id
1199 2591 1333 2627 quoque
1345 2582 1544 2621 nominatim
1559 2582 1758 2628 postularent
1771 2585 1788 2620 ὲ

1005 2637 1059 2659 me
1069 2638 1125 2673 per
1135 2627 1293 2667 literas,vt
1304 2628 1390 2668 hunc
1402 2629 1611 2673 laboremsua
1621 2634 1723 2679 gratia
1734 2632 1787 2668 su-

1003 2672 1173 2720 sciperem.
1196 2677 1336 2724 Alioqui
1349 2690 1410 2712 vna
1424 2679 1476 2712 illa
1496 2678 1668 2718 satisiusta
1680 2679 1787 2717 futura

1003 2724 1185 2764 erati-atim
1203 2726 1296 2772 quod
1316 2727 1442 2772 pridem
1460 2736 1497 2762 ex
1517 2729 1648 2775 piorum
1667 2735 1786 2778 &gra-

1003 2772 1095 2807 uiurn
1109 2774 1255 2808 virorum
1274 2776 1376 2810 relatu
1400 2788 1435 2810 ea
1453 2776 1494 2810 de
1517 2776 1613 2812 vobis
1626 2780 1783 2820 intellexi,

1003 2832 1073 2866 quae
1083 2823 1228 2856 animum
1248 2822 1345 2857 vobis
1365 2836 1475 2858 meum
1490 2827 1620 2872 penitus
1636 2827 1786 2862 obstrin-

1002 2880 1129 2916 gerent.
1141 2871 1243 2917 Nunc
1254 2872 1333 2906 vero
1353 2895 1362 2912 ,
1376 2873 1466 2920 quod
1478 2885 1539 2908 vos
1550 2873 1665 2922 sponte
1677 2874 1783 2911 fastu-

1001 2930 1057 2951 ros
1069 2918 1206 2954 confido
1216 2943 1226 2959 ‚
1246 2931 1325 2967 peto
1337 2932 1445 2956 tamen
1459 2922 1475 2957 :i
1491 2922 1588 2958 vobis
1600 2935 1634 2958 vr
1645 2924 1708 2959 hoc
1722 2925 1784 2969 bef
1801 2954 1807 2956 .

1001 2967 1200 3002 neuolentiae
1210 2981 1285 3016 erga
1299 2980 1358 3003 vos
1371 2981 1449 3005 meae
1459 2970 1687 3006 testimonium
1700 2973 1783 3009 boni

1001 3017 1111 3050 velitis
1124 3018 1300 3053 consulere.
1321 3020 1451 3054 Valere.
1472 3022 1639 3063 Dominus
1660 3033 1720 3055 vos
1733 3022 1781 3057 sa-

1001 3066 1415 3113 pientiae,prudentiae,zeli,
1428 3073 1458 3103 δι
1468 3067 1672 3109 fortitudinis
1685 3069 1782 3118 spiri:

1001 3115 1082 3148 tuin
1097 3115 1164 3148 dies
1179 3117 1282 3161 magis
1294 3129 1330 3150 ac
1346 3117 1449 3164 magis
1467 3118 1624 3165 augeatin
1637 3119 1780 3170 Ecclesig'

1001 3161 1059 3197 suae
1071 3162 1339 3199 aedificationem.
1364 3166 1511 3201 Geneuae
1535 3168 1575 3199 ΙΙ
1587 3168 1602 3199 1
1615 3168 1642 3200 1.
1655 3169 1780 3215 Caden-

1001 3211 1057 3247 das
1068 3212 1279 3249 Decembris.
1291 3215 1342 3250 M.
1353 3216 1399 3250 D.
1408 3216 1440 3251 X
1450 3217 1479 3257 L
1491 3216 1536 3257 V,-
1658 3236 1661 3240 ·
1777 3216 1782 3220 ”

1551 3264 1590 3299 Β.
1619 3264 1653 3311 ij.
