2113 3674
246 207 341 245 craffa
352 207 505 256 impietas
517 202 649 251 patefiat
658 206 673 236 ἒ
689 201 796 249 Qd
808 200 830 236 si
842 201 955 237 eadem
968 214 1034 236 no·

245 258 300 294 bis
311 260 430 294 Deitas
440 254 716 292 communicatur,
725 252 871 287 totidem
883 250 944 286 esse
955 252 1036 287 deos

249 308 410 343 conuenit
420 329 430 346 ‚
443 315 525 351 quot
537 312 634 337 erunt
643 302 678 336 in
687 301 816 337 mundo
827 300 952 336 fideles.
976 303 1037 335 Per

249 358 388 405 gratiam
400 378 410 394 ‚
431 352 540 399 inquit
552 353 715 386 Seruetus.
736 350 832 398 Qd
843 350 908 385 hoc
921 350 962 385 ad
972 363 1038 390 me,

249 407 272 442 si
285 402 493 440 essentialiter
503 400 583 435 deos
594 398 672 435 facit
684 399 777 438 fides,
791 412 878 448 quos
889 401 1038 446 Scriptu-

249 468 283 490 ra
306 453 365 489 suae
390 449 595 486 infirmitatis
612 447 703 484 sensu
716 448 844 497 vbique
861 448 1014 484 humiliat
1026 449 1041 479 ?

249 500 530 548 comparationes
549 499 650 534 nimis
666 498 785 533 liberas
807 497 937 546 vsurpat
953 521 964 538 ,
984 496 1043 543 qui

248 549 493 597 redemptionis
511 547 629 583 nostrae
642 548 829 595 mysterium
851 560 928 583 cum
945 547 1042 580 donis

248 598 465 635 inferioribus
477 595 745 637 confundens‚ad
760 598 932 644 particulas
943 597 1045 642 Qo—

248 648 481 686 dammodm&
494 644 755 694 Fere,c0nfugit.
771 646 909 681 Dixerat
923 644 1048 692 Spiriti't

247 695 397 732 sanetum
413 694 610 732 descendisse
624 697 657 729 in
681 694 887 742 Apostolos,
904 693 1047 727 sicuti-in

249 757 380 781 vterum
389 746 544 794 Virginis
559 742 728 779 descendit
740 746 906 783 Serm0‚vt
917 753 1047 776 carnem

248 796 306 830 ind
313 807 410 831 uei-et.
436 795 601 830 Videmus
612 793 712 840 quam
724 788 920 828 deformiter
931 803 980 826 res
993 791 1048 825 16-

250 844 292 893 ge
305 843 444 880 diuersas
457 841 658 891 permisceat.
671 842 765 890 Qid
777 843 865 876 enim
880 839 982 875 simile
993 840 1049 874 in-

251 904 301 929 ter
311 906 460 929 arcanam
485 891 592 927 Verbi
603 903 680 926 cum
702 903 797 926 carne
817 890 977 924 vnionern
990 912 1000 928 ‚
1015 893 1050 925 ὃς

251 944 394 991 Spiritus
413 944 539 978 donum
552 965 562 982 ,
582 953 650 988 quo
661 940 784 975 imbuti
806 938 961 986 Apostoli
974 935 1048 972 fue-

251 995 408 1028 runt?An
422 991 563 1040 Spiritus
574 1002 656 1026 tunc
666 990 718 1024 vel
729 1001 824 1024 carne
840 987 1049 1021 circundatus

252 1042 368 1082 est,vel
379 1040 559 1077 humanam
571 1051 719 1075 naturam
731 1037 910 1076 induit,vel
926 1036 1057 1070 coaluit

251 1091 289 1128 in
305 1102 406 1126 vnam
417 1102 493 1126 cum
507 1086 704 1123 hominibus
719 1084 888 1134 personam
901 1108 911 1125 ,
925 1096 961 1120 vt
973 1083 1050 1120 esset

249 1143 368 1179 Petrus
378 1145 407 1175 δι
418 1140 693 1174 Io5nes?Serueto
706 1136 778 1172 satis
791 1135 834 1169 est
846 1134 954 1168 dicere
965 1135 1051 1182 qua-

252 1189 403 1226 dam'effe
412 1186 793 1224 ,fimilitudinemzsscdnm
806 1185 884 1218 ame
895 1183 1052 1232 coargui-

255 1251 380 1280 και-,τηε
393 1249 513 1272 -vocare
524 1238 662 1284 Magum
674 1231 878 1282 phantasma.

291 1286 580 1334 Vicesimaquinta
590 1283 778 1333 propositio
790 1280 886 1329 plane
898 1280 1051 1315 continet

253 1338 347 1385 quod
360 1338 448 1376 dixi,
468 1336 592 1370 nullam
605 1331 696 1369 fuisse
707 1328 892 1380 hypostasin
902 1328 1052 1368 seminis,

254 1387 278 1423 si
297 1386 426 1422 tantum
440 1384 620 1420 relucentia
630 1393 697 1417 erat
708 1394 743 1417 ac
752 1381 824 1415 idea
835 1377 936 1414 futuri
947 1377 1053 1413 Chri-

254 1436 307 1472 sti.
335 1437 455 1471 Garrit
477 1434 615 1482 quidem
629 1434 781 1466 Seruetus
801 1426 1006 1476 hypostatice
1018 1427 1052 1461 in

253 1486 336 1522 Deo
346 1482 437 1520 fuiffe
449 1496 548 1530 quam
559 1482 758 1528 imaginatur
769 1478 890 1513 ideam.
909 1476 971 1511 Sed
981 1477 1053 1523 quii

255 1526 372 1570 futu'rae
389 1529 630 1579 reihypostasin
642 1526 968 1577 exprimat,videmus
980 1537 1056 1560 eum

256 1595 359 1619 voces
371 1581 434 1617 sibi
456 1581 644 1629 incognitas
659 1589 783 1613 temere
796 1577 830 1610 in
850 1587 957 1610 aerem
970 1571 1054 1608 effu-

258 1633 333 1668 tire.
353 1632 473 1667 Nimia
494 1632 594 1665 etiam
616 1624 685 1662 eius
704 1624 902 1673 improbitas
926 1626 960 1657 in
974 1635 1016 1657 eo
1025 1620 1057 1657 se

257 1681 373 1731 prodit
402 1703 414 1720 ,
436 1678 528 1727 quod
550 1688 698 1712 veterum
720 1672 878 1723 suffragiis
895 1672 1056 1712 abutitur,

259 1729 349 1779 quasi
362 1729 540 1777 quicquam
554 1725 673 1762 habeat
685 1737 759 1760 cum
773 1725 918 1771 ipsorum
927 1722 1058 1757 doetri-

261 1792 304 1815 na
318 1778 587 1815 consentaneum.
630 1775 768 1811 Mentiri
781 1772 836 1809 ine
854 1772 960 1812 dicit,
981 1774 1058 1818 quia

261 1840 382 1877 negem
392 1825 545 1862 Verbum
573 1824 614 1859 ab
629 1821 701 1871 ipso
719 1821 855 1872 agnosci
870 1844 881 1861 ‚
904 1832 972 1855 rem
987 1831 1059 1867 quae

263 1875 453 1924 intus-apud
479 1871 769 1911 Deumwsubfistat.
798 1872 843 1906 Et
852 1882 964 1905 tamen
975 1869 1060 1904 nihil

265 1927 371 1975 magis
397 1923 588 1971 frequenter
611 1922 756 1955 occurrit
774 1921 808 1955 in
829 1919 897 1954 eius
914 1915 1056 1966 scriptis,

266 1976 368 2026 quam
379 1973 559 2009 diabolicas
569 1967 630 2005 esse
645 1968 823 2017 praestigias
835 1991 846 2008 ‚
871 1966 893 2001 si
904 1968 977 2013 quis
990 1980 1060 2002 rern

266 2023 469 2061 inuisibilem
482 2023 516 2056 in
525 2018 633 2057 Verbi
645 2019 784 2053 nomine
793 2016 973 2063 concipiat.
993 2018 1063 2050 Iam

267 2073 292 2109 si
305 2085 355 2108 res
365 2070 428 2107 fuit
449 2069 600 2107 Verbum
613 2091 623 2107 ‚
644 2079 699 2102 cur
709 2067 750 2102 de
771 2067 848 2101 reali
869 2064 1060 2100 distinfflo-

267 2134 388 2158 netam
399 2119 518 2155 odiose
527 2119 669 2153 rixatur?
694 2120 726 2153 δι
737 2128 793 2152 cur
803 2118 838 2149 in
851 2113 913 2149 suis
924 2112 1041 2161 respon
1049 2136 1061 2141 -

269 2171 310 2207 sis
333 2169 422 2219 quasi
435 2183 473 2204 ex
483 2169 646 2203 diametro
657 2189 668 2205 ,
680 2177 748 2201 rem
767 2163 905 2199 subinde
918 2161 1063 2210 personae

269 2220 442 2268 opponit?
457 2215 578 2264 Longe
600 2214 707 2250 adhuc
719 2212 949 2261 impudentius
960 2210 1063 2246 fimu-

271 2271 317 2305 lat
327 2298 337 2313 ‚
347 2268 377 2303 se
389 2268 468 2303 duas
491 2270 526 2301 in
535 2264 650 2301 Verbo
664 2268 695 2300 δι
717 2263 842 2310 Spiritu
851 2260 975 2309 semper
984 2258 1064 2296 suis-

272 2317 304 2354 se
312 2314 499 2366 hypostases
512 2313 640 2349 sentire.
659 2315 739 2348 Hoc
750 2310 874 2361 fascino
883 2312 1014 2358 putauit
1026 2322 1062 2344 e-

272 2379 402 2415 reptam
413 2363 473 2402 esse
483 2364 536 2400 vel
546 2374 691 2398 mentem
702 2384 713 2400 ‚
731 2361 784 2395 vel
805 2360 1001 2395 memoriam
1015 2360 1065 2393 le·-

275 2415 426 2452 &oribus
437 2437 447 2453 ‚
459 2423 496 2448 vt
506 2411 597 2461 quod
608 2411 704 2458 paulo
715 2409 792 2444 ante
803 2409 942 2448 dixerat,
955 2408 1066 2443 extin-

276 2467 368 2502 &um
381 2475 468 2498 nunc
477 2463 606 2497 iaceret.
622 2460 697 2495 Nec
709 2458 788 2493 vero
801 2456 974 2493 immerito
981 2469 1077 2491 con-¹

276 2513 410 2563 questus
422 2510 491 2547 sum
502 2510 577 2545 tolli
588 2507 629 2544 ab
647 2506 717 2556 ipso
729 2507 896 2542 Sermonis
917 2505 1065 2542 substan-

278 2566 475 2610 tiam,quum
485 2558 676 2607 simpliciter
686 2556 805 2591 definit
815 2555 949 2591 nonnisi
959 2556 1066 2591 lucem

279 2611 383 2648 fuisse.
400 2611 457 2645 Ne
467 2609 597 2644 ratione
608 2605 738 2642 destitui
751 2603 1068 2653 putemndefenfio-

280 2673 338 2696 nes
349 2658 441 2694 affert
455 2656 586 2706 prorsus
595 2654 881 2702 contrarias,quod
892 2656 945 2689 lux
957 2651 1068 2692 fuerit,

280 2722 351 2745 non
368 2707 538 2744 Sermonis
551 2730 561 2747 ,
578 2704 630 2740 sed
643 2703 783 2740 Christi:
805 2708 837 2740 δι
855 2703 947 2752 quod
960 2704 1013 2738 lux
1030 2701 1070 2738 sit

279 2759 351 2795 Dei
361 2757 548 2792 substantia.
562 2755 666 2802 Atqui
675 2753 697 2788 fi
710 2752 785 2788 vere
796 2754 863 2788 Dei
872 2755 979 2788 lucem
990 2749 1071 2786 fuis-

281 2807 314 2845 se
327 2804 490 2855 agnoscit‚
505 2817 574 2840 non
584 2803 630 2839 est
640 2803 733 2851 quod
744 2814 797 2836 me
808 2801 873 2837 fnlsi
886 2801 1066 2841 insimulet,

283 2855 373 2905 quasi
384 2858 576 2890 Sermonem
596 2851 711 2888 dolose
729 2863 790 2899 pro
803 2851 937 2887 Christo
947 2851 1071 2898 suppo-

283 2906 416 2943 fuerim.
437 2906 514 2938 Huc
529 2905 627 2938 etiam
635 2901 760 2937 accedit
769 2900 861 2948 quod
873 2896 991 2936 diserte
1002 2899 1072 2934 eius

285 2965 432 2991 mentem
445 2952 584 2999 explicui
598 2975 609 2992 ,
626 2951 666 2986 ad
679 2948 823 2986 futurum
835 2948 1005 2985 Christum
1017 2958 1077 2984 re-'

285 3003 393 3040 ferens
404 3002 495 3048 quod
508 3001 547 3035 de
559 3002 630 3036 luce
641 3001 693 3036 vel
703 2997 938 3034 idea-balbutit.
953 2999 1009 3033 De
1018 2998 1077 3032 lu-'

286 3065 325 3089 ce
336 3053 404 3087 Dei
417 3049 508 3097 aeque
519 3048 611 3085 futile
624 3048 671 3085 est
691 3048 844 3083 ‘cauillum
862 3061 871 3081 :
898 3048 974 3093 quia
985 3046 1077 3082 certe·

286 3097 644 3146 interior-hypostasisa
656 3097 777 3133 visibili
789 3094 961 3145 splendore
971 3095 1074 3143 longe}

286 3149 406 3187 distat.
433 3149 482 3183 Ex
500 3146 802 3182 vicesimosecundo
821 3144 959 3180 articulo
979 3143 1078 3180 facile

286 3199 320 3237 se
336 3198 488 3246 explicat.
524 3197 634 3230 Malos
656 3190 925 3243 initerpretesvhic
941 3205 1076 3243 quoque

287 3249 411 3285 iteruin
426 3244 487 3284 effe
501 3243 641 3296 affirmat
650 3268 661 3288 ,
678 3246 735 3294 qui
745 3241 922 3294 personam
940 3242 960 3279 a
971 3242 1079 3291 figura

640 136 1074 178 REFVTATIO
1126 139 1477 178 ERRORVM

1081 202 1238 250 separant:
1249 201 1350 250 idque
1362 201 1434 237 fieri
1446 211 1562 237 contra
1576 201 1643 236 vim
1655 200 1809 237 vocabuli
1822 202 1877 238 di-

1083 254 1129 286 cit
1139 275 1150 291 ,
1162 252 1236 298 quia
1248 253 1334 286 nulla
1346 251 1383 289 sir
1394 251 1530 298 persona
1544 251 1603 286 nisi
1616 249 1814 286 vifibilisAEt
1825 264 1878 287 ta-

1085 312 1162 336 men
1184 301 1277 348 quod
1298 300 1439 348 Spiritus
1461 299 1633 348 personam
1662 301 1790 335 induxit
1807 313 1879 335 non.

1086 349 1251 384 visibilem
1263 373 1274 390 ‚
1288 350 1321 385 id
1334 351 1451 384 tacitus
1463 350 1611 385 deuorat.
1644 352 1782 384 Interim
1795 349 1883 384 nihil

1088 402 1122 434 in
1133 397 1194 434 suis
1210 398 1319 434 verbis
1332 397 1451 442 dissidii
1463 397 1492 433 se
1504 399 1616 434 videre
1627 398 1736 448 fingit.
1751 400 1884 434 Scilicet

1090 459 1156 483 tam
1170 447 1298 483 crassam
1323 447 1557 482 absurditatem
1571 451 1697 496 putauit
1709 447 1766 483 sub
1787 448 1885 482 vnius

1091 498 1231 542 conuitij
1245 496 1369 532 latebra
1381 495 1530 531 {erexisse
1547 497 1628 532 dum
1644 510 1698 532 me
1716 495 1888 532 accusato-

1093 559 1161 582 rem
1175 547 1383 581 criminalem
1395 557 1502 581 vocat.
1519 549 1590 581 Iam
1604 559 1708 594 quum
1722 547 1755 580 in
1769 543 1889 580 mundi

1094 597 1261 631 creatione
1269 594 1412 643 Spiritus
1425 595 1554 631 tantum
1567 595 1718 630 vmbram
1733 592 1824 629 fuisse
1835 595 1893 630 di-

1093 643 1186 680 xiffet
1195 665 1205 684 ,
1218 652 1219 655 ’
1231 644 1310 683 dum
1323 646 1457 692 requiro
1469 644 1605 680 vbinam
1617 657 1698 693 ergo
1717 641 1816 678 fuerit
1827 643 1892 690 hy-

1095 692 1247 741 postasis:
1261 695 1377 742 nugari
1387 707 1439 729 me
1449 692 1637 741 respondet.
1651 694 1815 729 Miramur
1824 691 1893 727 hsic

1096 742 1271 778 hominem
1289 755 1417 779 tantum
1438 744 1572 791 negocij
1591 739 1775 778 exhibuisse
1791 753 1893 776 mun-

1096 793 1141 827 do
1152 815 1162 832 ‚
1175 793 1233 840 qui
1252 802 1320 827 tarn
1331 791 1439 826 secure
1453 792 1552 827 nodis
1575 791 1735 827 omnibus
1748 790 1777 826 se
1791 803 1894 838 expe-

1097 841 1165 876 diat
1175 845 1189 874 ?
1208 842 1315 887 Qod
1328 841 1427 876 habet
1439 839 1628 888 propositio
1638 838 1895 887 vicefimasepti-

1096 902 1218 930 ma,res
1227 903 1343 925 omnes
1355 888 1445 925 fuisse
1457 893 1490 925 in
1503 892 1582 925 Deo
1592 899 1668 925 ante
1678 889 1796 924 mundi
1807 901 1896 924 crea.

1097 940 1227 973 tionem
1240 952 1280 973 eo
1295 939 1415 974 ordine
1425 949 1593 987 quo-nunc
1603 938 1688 978 sunt,
1703 943 1735 975 &
1747 938 1896 985 primum

1097 988 1250 1025 omnium
1262 986 1451 1023 Christum:
1471 989 1511 1022 ad
1534 987 1675 1023 verbum
1687 986 1832 1022 fideliter
1841 998 1898 1021 re·—

1097 1037 1236 1071 tulimus
1245 1060 1255 1077 ,
1275 1046 1312 1071 vt
1328 1049 1369 1071 ne
1390 1035 1456 1084 ipse
1474 1037 1612 1084 quidem
1635 1036 1783 1072 additam
1804 1032 1898 1071 fuisse

1097 1084 1252 1133 syllabam
1273 1097 1394 1134 negare
1414 1086 1551 1121 audeat:
1567 1084 1720 1120 Tantum
1737 1082 1899 1125 causatur,

1098 1147 1152 1170 me
1162 1135 1222 1169 alia
1233 1134 1333 1170 verba
1345 1146 1416 1182 quae
1427 1132 1609 1182 sequuntur
1616 1144 1685 1168 non
1699 1132 1790 1169 fuisse
1802 1132 1902 1169 simul

1099 1183 1320 1231 complexum.
1341 1182 1431 1231 quasi
1445 1183 1526 1218 vero
1539 1182 1685 1230 perfidiae
1707 1182 1745 1218 sit
1756 1183 1900 1224 crimen,

1099 1243 1136 1267 vt
1147 1233 1264 1270 iaetat,
1283 1234 1463 1281 quicquam
1482 1245 1521 1267 ex
1539 1233 1607 1267 eius
1628 1230 1781 1267 sermone
1792 1233 1910 1267 omit--

1097 1292 1178 1317 tere.
1207 1280 1376 1317 Christum
1392 1305 1403 1320 ,
1424 1279 1547 1321 fateor,
1575 1279 1682 1316 solum
1695 1291 1794 1316 vocat
1809 1280 1902 1329 figu-

1100 1344 1169 1365 ram
1180 1328 1365 1365 substantiae
1378 1332 1468 1365 Dei:
1490 1330 1556 1366 hoc
1575 1330 1903 1365 nihilominusinte-

1100 1380 1163 1414 rim
1174 1390 1274 1414 teneo
1286 1402 1296 1418 ,
1308 1392 1359 1414 res
1375 1391 1494 1414 omnes
1506 1391 1580 1415 cum
1592 1379 1664 1426 ipso
1676 1378 1804 1426 semper·
1813 1379 1904 1427 apud

1101 1430 1216 1464 Deum
1229 1426 1339 1464 fuiffe:
1357 1438 1393 1463 vt
1404 1429 1519 1463 eadem
1534 1429 1608 1464 luto
1627 1428 1792 1464 tribuatur
1806 1439 1911 1464 aetera‘

1102 1479 1189 1512 nitas
1206 1489 1280 1525 quae
1298 1478 1332 1512 in
1353 1476 1522 1512 Christum
1539 1478 1717 1526 competit.
1747 1477 1906 1513 Alterum

1103 1527 1204 1562 etiam
1216 1527 1298 1561 velit
1311 1527 1395 1562 nolit
1406 1550 1416 1567 ,
1428 1538 1612 1574 extorqueo
1623 1550 1634 1567 ,
1649 1524 1826 1575 personam
1845 1527 1905 1561 ni-

1103 1575 1151 1610 hil
1163 1576 1251 1611 aliud
1265 1573 1337 1610 fore
1347 1576 1446 1623 quam
1462 1588 1588 1611 meram
1605 1576 1901 1624 imaginationem.

1105 1626 1182 1672 quia
1193 1623 1408 1673 personaliter
1425 1626 1478 1659 vel
1500 1638 1562 1673 pro
1581 1625 1663 1660 ideae
1682 1625 1814 1659 ratione
1831 1636 1906 1660 non

1104 1674 1213 1709 minus
1233 1673 1395 1708 hodierna
1412 1673 1532 1709 nebula
1541 1697 1552 1714 ‚
1571 1673 1673 1722 quam
1694 1672 1849 1710 Christus
1868 1674 1913 1709 inv

1105 1723 1186 1757 Deo
1199 1721 1274 1758 suit.
1296 1724 1352 1757 De
1364 1721 1508 1759 secundo
1521 1722 1674 1758 membro
1682 1722 1764 1771 quid
1779 1723 1906 1764 dicam,

1108 1772 1214 1817 Qod
1228 1773 1325 1807 Deus
1342 1773 1465 1808 Filium
1480 1772 1542 1808 fibi
1563 1773 1772 1821 corporalem
1789 1772 1911 1807 decer-¹

1107 1833 1192 1856 nens
1203 1845 1214 1860 ‚
1224 1820 1389 1856 visibilem
1411 1820 1442 1856 se
1453 1822 1486 1857 in
1505 1821 1624 1857 Verbo
1645 1820 1852 1857 exhibuerit?
1872 1820 1907 1856 Si

1109 1871 1143 1905 in
1153 1870 1246 1905 nudo
1255 1870 1390 1906 decreto
1401 1869 1458 1905 sita
1476 1869 1539 1906 fuit
1548 1869 1657 1906 Verbi
1667 1868 1814 1909 essentia,
1828 1868 1910 1916 quia

1109 1920 1203 1954 Deus
1217 1917 1393 1953 hominem
1408 1931 1514 1954 creare
1526 1918 1702 1959 statuerat,
1715 1930 1785 1952 non
1797 1918 1858 1952 alia
1870 1929 1910 1952 e-

1109 1969 1152 2003 rit
1173 1967 1298 2003 Christi
1318 1968 1436 2002 Deitas
1457 1966 1564 2015 quam
1581 1978 1702 2002 aeterna
1731 1966 1910 2001 creationis

1109 2015 1225 2052 futurae
1237 2016 1429 2063 conceptio,
1449 2017 1640 2051 Execranda
1651 2015 1696 2051 est
1705 2011 1912 2063 blasphemia

1111 2078 1210 2115 quam
1222 2066 1372 2100 continet
1386 2064 1545 2113 vigesima
1562 2066 1681 2099 οᾶευει
1704 2063 1909 2112 propositio,

1111 2115 1235 2162 Spiritu
1246 2127 1338 2148 nouo
1349 2127 1418 2148 non
1428 2114 1504 2148 ante
1515 2114 1692 2161 praeditum
1702 2111 1794 2148 fuisse
1804 2113 1912 2150 Chri-

1111 2163 1196 2199 stum
1209 2162 1309 2210 quam
1327 2163 1345 2197 a
1355 2164 1496 2198 mortuis
1509 2162 1703 2211 resurgeret.
1725 2163 1808 2197 Eam
1818 2163 1912 2198 ludi-

1113 2224 1164 2247 cra
1184 2211 1351 2247 solutione
1375 2210 1487 2246 abolet
1509 2213 1663 2246 Seruetus
1683 2211 1777 2259 quod
1799 2223 1910 2247 nouus

1115 2262 1255 2309 Spiritus
1266 2261 1393 2295 dicatur
1406 2260 1453 2296 ob
1465 2274 1586 2296 nouam
1599 2261 1754 2310 gloriam.
1777 2261 1912 2296 Interea

1112 2309 1165 2345 sua
1178 2310 1325 2345 conuitia
1337 2321 1447 2357 crepat
1458 2333 1468 2350 ‚
1480 2323 1534 2345 me
1544 2310 1685 2345 delirum
1696 2307 1758 2344 effe
1767 2313 1800 2346 ὅτ
1811 2322 1914 2345 men-

1114 2360 1239 2394 dacem.
1267 2359 1367 2393 Adde
1379 2358 1472 2406 quod
1493 2359 1578 2394 nihil
1597 2371 1672 2394 eum
1697 2359 1800 2406 pudet
1810 2368 1853 2394 ‘ex
1874 2370 1912 2405 7.

1114 2407 1272 2444 Iohannis
1285 2407 1518 2443 testimonium
1532 2408 1616 2443 illud
1629 2407 1914 2445 adducere‚N0n-

1115 2458 1197 2493 dum
1210 2455 1387 2493 fniffetunc
1397 2457 1556 2504 Spiritum
1570 2456 1810 2504 san&um,quia
1820 2469 1914 2491 non-

1115 2507 1195 2542 dum
1206 2504 1411 2554 glorificatus
1424 2517 1492 2542 erat
1509 2504 1611 2541 Iesus.
1632 2506 1753 2552 Qid?
1774 2507 1831 2540 An
1844 2506 1915 2542 illic

1115 2553 1329 2603 Euangelista
1341 2554 1513 2590 Christum
1526 2567 1620 2590 nouo
1639 2555 1762 2602 Spiritu
1778 2554 1916 2590 donan-

1117 2605 1199 2640 du‘m
1210 2601 1270 2638 esse
1282 2604 1449 2650 praedicat,
1464 2617 1500 2640 ac
1512 2617 1581 2639 non
1593 2604 1705 2652 potius
1715 2602 1782 2638 hoc
1794 2603 1914 2639 nomi-

1117 2654 1224 2688 natim
1235 2650 1334 2688 refert
1345 2653 1384 2688 ad
1397 2653 1533 2688 fideles?
1553 2651 1726 2688 Christum
1738 2652 1780 2688 de
1788 2653 1916 2700 Spiritu

1118 2700 1230 2737 san&o
1244 2703 1421 2748 loquutum
1435 2701 1496 2737 esse
1506 2701 1728 2742 testatur‚non
1741 2714 1842 2749 quem
1855 2714 1916 2737 exa

1119 2752 1264 2799 perstaret
1275 2750 1341 2798 ipse
1351 2752 1369 2786 ὲ
1382 2754 1490 2793 Patre,
1502 2751 1574 2787 imo
1586 2763 1686 2798 quem
1696 2750 1863 2797 accepturi
1876 2762 1916 2785 e-

1119 2811 1190 2836 rant
1201 2801 1234 2835 in
1251 2812 1325 2834 eum
1335 2800 1518 2836 credentes.
1543 2802 1747 2848 Qanquam
1759 2797 1824 2833 hoc
1834 2798 1916 2832 lon-

1120 2849 1162 2897 ge
1173 2847 1355 2887 absurdius,
1370 2848 1463 2896 quod
1477 2849 1631 2885 Christus
1642 2847 1750 2883 adhue
1763 2847 1917 2882 mortalis

1121 2909 1226 2933 totam
1236 2898 1305 2933 Dei
1317 2898 1457 2947 gloriam
1468 2921 1479 2938 ,
1491 2911 1526 2933 ac
1539 2899 1725 2946 potentiam
1738 2908 1808 2930 non
1818 2895 1917 2931 obti-

1120 2947 1435 2992 nuerit.Qomodo
1446 2948 1535 2982 enim
1543 2944 1677 2982 trasfusa
1688 2956 1752 2980 erat
1765 2945 1799 2979 in
1810 2943 1917 2991 ipsum

1120 2995 1227 3032 Verbi
1239 3001 1271 3033 δι
1283 2996 1422 3044 Spiritus
1431 2996 1558 3044 gloria?
1579 2993 1768 3042 Qmodo
1777 2995 1812 3030 in
1824 2993 1917 3029 Dei-

1119 3045 1351 3083 tatesseonuersa
1363 3055 1429 3080 erat
1439 3057 1516 3080 caro
1526 3069 1535 3084 ,
1549 3044 1572 3080 si
1584 3043 1723 3093 gloriam
1734 3054 1800 3090 qua
1809 3042 1850 3077 ad
1861 3041 1917 3087 te-J

1122 3106 1184 3143 pus
1192 3094 1397 3143 caruit,quas1
1410 3095 1558 3141 precario
1565 3092 1710 3139 resurges
1722 3092 1822 3124 dernfi
1833 3089 1917 3125 ade-

1123 3152 1198 3192 ptus·
1210 3143 1351 3180 ’estrNec
1361 3143 1442 3188 vero
1452 3144 1494 3179 de
1504 3139 1768 3187 manifestatione
1777 3138 1832 3174 hic
1840 3139 1916 3186 agi-

1122 3204 1185 3230 tur:
1195 3194 1265 3241 qun
1273 3191 1354 3229 teste
1364 3195 1515 3230 Structo,
1525 3190 1640 3236 spirata
1652 3186 1795 3223 fueritin
1808 3187 1917 3222 Chri-

1122 3239 1173 3291 {tsi
1181 3254 1222 3278 ex
1233 3238 1368 3291 integro
1380 3241 1510 3279 Deitas.
1521 3237 1629 3276 Porro
1640 3250 1709 3286 quo
1720 3235 1810 3320 seigsu
1820 3236 1916 3292 noufi

1776 3296 1916 3335 pitirum
