2113 3674
327 219 399 262 946

728 206 1165 248 'ADMONITIO
1238 208 1527 246 VLTIMA

323 277 410 312 mihi
421 275 493 312 satis
514 275 546 310 in
560 286 632 310 mea
652 283 768 309 contra
779 272 1032 320 VVestphalum
1053 272 1112 308 de-
1160 283 1314 322 operetur
1328 273 1479 308 Christus
1491 275 1525 309 in
1539 275 1647 309 Coena
1659 279 1690 312 δι
1701 273 1884 324 Βερῑίίὶτισ,
1919 270 1921 273 ’

325 325 474 362 fenfione
496 322 681 360 monstrasse
704 323 834 358 videor.
863 321 1035 357 Christum
1055 319 1114 356 effe

326 374 432 411 fateor
445 399 454 415 ,
466 375 522 421 qui
536 372 635 407 nobis
647 373 767 407 reuelat
778 383 827 406 res
839 373 1038 418 incognitas.
1047 372 1116 406 Cur

325 437 406 472 ergo
426 427 493 458 eius
514 421 772 456 reuelationibus
799 420 949 455 tenebras
968 419 1025 467 ipsi
1050 420 1116 453 ob-

325 475 474 508 ducunt?
505 473 559 506 De
575 469 711 505 Christo
720 468 861 505 fatemur
871 473 999 504 Patrem
1014 468 1031 504 ὲ
1048 481 1114 503 coe-

325 523 359 556 lo
377 522 551 569 praecipere
567 543 578 559 ,
595 530 636 553 vt-
656 533 731 554 eum
752 531 871 554 omnes
889 519 1033 567 audiant.
1063 522 1119 553 cur

316 578 406 618 'ergo
420 568 621 604 tumultuose
641 568 867 616 obstrependo
885 569 972 603 nulla
995 567 1118 601 verbo-

325 633 398 655 rum
411 620 722 665 eiusinterpretatio
743 618 956 652 admittitur?
982 615 1117 651 Christo

327 668 463 704 fatemur
487 667 570 702 nihil
582 666 642 701 ess‘e
662 666 876 715 impoffibile.
890 678 946 702 cur
956 679 1035 714 ergo
1049 677 1116 698 non

327 718 467 752 credunt
480 716 537 763 ipsi
550 717 689 764 quanuis
702 719 734 750 in
746 717 832 751 ccelo
845 714 896 754 sit,
909 713 996 763 posse
1008 726 1117 748 tamen

326 766 518 801 admirabili
539 766 679 813 Spiritus
698 765 742 800 sui
755 767 877 799 virtute
890 776 1018 799 carnem
1033 763 1118 797 suam

326 820 360 852 «Sc
383 814 574 863 sanguinem
594 815 669 849 dare
692 814 792 848 nobis
814 815 847 847 in
868 812 1031 860 spirituale
1057 812 1119 846 ali-

327 866 506 899 mentum?
532 866 612 899 Haec
625 863 711 897 certe
727 862 802 897 vere
817 864 943 897 Diuina
964 863 1005 895 est
1017 873 1052 894 ac
1065 860 1119 894 in-

327 913 640 961 comprehensibilis
655 911 1029 959 porentia‚qu;1ntumuis
1040 911 1118 943 lon-

328 963 369 1010 ge
385 962 512 998 anobis
524 972 672 997 remotus
686 960 722 996 sit
733 984 744 1000 ‚
759 963 860 995 vitam
883 974 918 995 ex
938 961 1040 994 carnis
1061 957 1120 992 suae

325 1018 359 1048 δι
371 1010 536 1060 sanguinis
551 1010 725 1047 substantia
736 1012 768 1044 in
782 1012 905 1044 animas
919 1009 1042 1044 nostras
1053 1006 1119 1055 spi-

310 1074 414 1100 rare,
428 1073 461 1096 vr
474 1062 559 1095 nulla
571 1062 723 1094 locorum
736 1059 884 1094 distantia
906 1058 1023 1093 sacram
1037 1057 1120 1091 hane

326 1111 446 1158 capitis
463 1116 493 1146 &
514 1109 741 1155 membrorum
761 1110 919 1143 vnitatem
947 1106 1133 1153 impediat..

327 1160 430 1195 Vnde
442 1157 609 1207 perspicue
627 1167 759 1205 apparet
779 1159 879 1205 quim
900 1168 1022 1190 vanum
1037 1153 1122 1189 sitae

328 1207 566 1244 calumniosum
578 1231 588 1247 ,
610 1220 670 1241 nos
683 1206 834 1253 mysterit'i
846 1206 909 1240 hoc
921 1206 1048 1239 ratione
1057 1204 1122 1238 hu-

327 1270 424 1293 mana
434 1257 625 1292 metiri.sed
638 1257 713 1303 qui-a
726 1268 763 1290 ex
775 1257 835 1290 alta
848 1255 973 1290 cerebri
987 1253 1032 1287 sui
1046 1266 1122 1301 per-e

327 1308 447 1342 tinacia
466 1319 550 1354 opus
563 1306 688 1341 Christi
708 1304 894 1353 despiciunt
915 1303 1123 1350 Magdebur-¹

327 1355 608 1404 gensesscorruere
618 1367 734 1390 omnes
744 1353 876 1402 fingunt
889 1355 944 1401 qui
958 1351 974 1387 a
984 1351 1039 1386 suo
1051 1352 1122 1399 pla-

328 1406 397 1441 cito
411 1418 478 1439 non
493 1405 796 1452 pendent-Vtinam
811 1405 926 1437 starent
938 1401 994 1448 ipsi
1009 1402 1125 1448 potius‘

328 1456 363 1490 in
375 1455 476 1489 solida
489 1453 606 1489 fultura
618 1453 774 1501 qu{alios
789 1453 880 1487 inani
900 1449 1125 1501 tonitru-prze-

277 1537 280 1547 Ι
329 1505 446 1552 cipites
460 1504 652 1538 delicerent.

377 1554 472 1588 Idem
491 1564 629 1588 coaxant
649 1552 787 1587 articulo
812 1548 974 1598 vigesimo
988 1548 1121 1596 quinto.

328 1602 511 1649 quidenim
519 1602 604 1636 aliud
617 1602 727 1649 potius
739 1599 1048 1635 diceremfflorrori
1059 1610 1123 1633 vo-

328 1653 403 1686 lunt
413 1648 473 1685 effe
487 1649 633 1685 nostram
646 1649 951 1697 theologiam,quia
965 1661 1033 1682 non
1044 1646 1124 1694 sapit

329 1699 437 1735 nisiea
447 1711 518 1748 quae
531 1698 601 1735 sunt
613 1700 729 1734 carnis.
751 1696 838 1746 quasi
850 1697 928 1732 vero
941 1696 1007 1731 hoc
1020 1697 1124 1731 distet

329 1762 404 1785 caro
421 1773 431 1788 ,
449 1761 505 1796 per
529 1750 648 1783 ccelum
671 1753 703 1784 &
727 1759 845 1782 terram
865 1757 1036 1794 penetrare
1056 1746 1124 1780 im-

330 1796 474 1835 mensam
489 1796 613 1832 Christi
626 1797 838 1836 virtutem‚vt
853 1797 938 1830 nose
952 1796 1039 1831 coelo
1052 1807 1123 1829 car-

329 1861 371 1883 ne
381 1847 661 1894 suapascattcarne
675 1858 745 1893 quae
761 1852 871 1880 natura
887 1845 1036 1879 mortalis
1049 1842 1124 1884 fuit,

330 1896 430 1932 nobis
441 1898 509 1943 vite
522 1894 646 1930 fontem
659 1894 894 1941 effe:quicquid
908 1893 1028 1928 visibili
1039 1893 1124 1939 sym.-

330 1944 545 1993 bolofigurat
569 1944 644 1978 vere
656 1943 697 1977 ab
721 1941 792 1990 ipso
812 1944 960 1989 impleri:
980 1942 1126 1990 ideoque

332 2008 461 2031 carnem
476 1992 600 2028 Christi
614 1994 646 2026 in
659 1993 765 2026 Coena
788 2004 855 2025 non
870 1990 956 2025 secus
968 1990 1122 2038 spiritua-

331 2046 362 2080 le
372 2042 637 2078 effealimentum
651 2042 750 2088 quam
762 2051 900 2087 corpora
913 2052 994 2085 pane
1007 2041 1124 2086 qnoti-

331 2094 385 2128 dic
397 2091 691 2140 pascu.ntur.Magis
705 2090 802 2124 etiam
816 2087 967 2135 putidum
977 2089 1019 2121 est
1032 2088 1125 2135 quod

331 2142 486 2177 acl-carnis
498 2138 621 2176 sensum
640 2151 739 2187 quem
762 2137 862 2172 nobis
880 2134 1043 2184 affingunt
1065 2137 1124 2171 da·

332 2190 685 2228 mnandum‚0&auum
696 2187 784 2222 Pauli
797 2188 835 2220 ad
848 2187 1020 2222 Romanos
1031 2197 1127 2233 caput

333 2241 452 2277 citann.
462 2239 518 2272 vbi
529 2237 654 2272 sensum
669 2238 772 2270 carnis
784 2236 864 2279 dicit
875 2236 1049 2269 inimicum
1066 2233 1128 2269 effe

332 2291 424 2324 Deo.
444 2289 525 2322 Haec
537 2299 652 2321 eorum
665 2288 697 2319 in
713 2285 884 2319 tractanda
897 2286 1060 2330 Scriptura
1074 2296 1127 2317 re-

333 2339 417 2385 ligio
430 2337 487 2371 est.
511 2349 546 2370 ac
558 2349 598 2370 ne
610 2335 689 2382 quid
713 2335 752 2368 ad
780 2334 946 2368 cumulum
969 2331 1127 2367 fatuitatis

335 2386 441 2424 desim
453 2384 577 2419 assuunt
589 2384 675 2431 quasi
689 2397 726 2416 ex
739 2384 841 2417 Paulo
854 2406 863 2420 ‚
878 2385 977 2421 Item,
991 2383 1048 2429 qui
1062 2381 1128 2415 fide

334 2435 667 2470 Srcramentiriorum
681 2431 864 2471 sumir,rcus
876 2432 921 2466 est
935 2431 1084 2477 corporis
1096 2436 1134 2466 δι’

336 2484 504 2532 sanguinis
518 2482 760 2527 Christi.Atqui
774 2480 794 2514 si
807 2493 919 2514 eorum
932 2480 1128 2513 morelude-

336 2546 370 2568 te
381 2534 495 2571 libeat,
507 2544 544 2565 ex
556 2544 670 2566 eorum
685 2529 792 2564 verbis
807 2530 949 2568 eliciam,
963 2541 1031 2562 non
1044 2540 1129 2575 opus

337 2580 398 2617 effe
410 2583 510 2629 igitur
522 2582 640 2615 carnali
654 2579 750 2615 mand
757 2581 961 2617 ucatione,vt
971 2579 1043 2624 quis
1057 2589 1140 2611 reus

338 2630 378 2665 sit
399 2630 550 2677 co'r'poris
571 2635 603 2666 &
626 2628 788 2676 sanguinis
799 2627 935 2663 Christi.
961 2639 1035 2661 nam
1047 2625 1130 2661 fides

338 2677 587 2715 nostracraffam
598 2691 710 2714 eorum
721 2676 1131 2711 manduc,1tionen1exclu-

340 2730 390 2764 dit
401 2751 411 2768 ‚
422 2741 518 2775 quam
532 2739 641 2762 tamen
652 2739 690 2762 ex
698 2725 789 2762 Pauli
802 2725 909 2759 verbis
921 2737 1033 2760 eruere
1045 2736 1130 2760 con-

341 2777 497 2813 tendunt.
775 2791 777 2793 v

391 2824 566 2873 Vigefimo
576 2822 664 2860 sexto
677 2824 782 2872 capite
793 2821 993 2870 iniquiffime
1010 2835 1132 2870 expro-

341 2875 440 2910 brant
454 2877 655 2909 Sacramenti
680 2873 776 2908 huius
797 2873 994 2919 dignitatem
1006 2872 1023 2907 ἂ
1034 2871 1133 2906 nobis

342 2923 473 2958 eleuari.
488 2922 572 2956 nihil
583 2923 672 2959 enim
685 2920 792 2970 potest
803 2919 964 2964 injacram
988 2923 1132 2956 Coenam

343 2982 535 3020 competere
546 2971 636 3018 quod
650 2985 717 3007 non
730 2968 983 3018 splendidiffime
1005 2971 1022 3004 a
1035 2970 1133 3004 nobis

344 3031 481 3056 ornetur
500 3033 508 3052 ι
526 3019 583 3053 nisi
598 3018 683 3056 forte
694 3022 768 3068 quia
782 3016 907 3054 Christi
927 3030 1045 3065 corpus
1070 3029 1134 3052 tam

345 3071 434 3105 Iudae
445 3068 545 3116 quam
561 3071 656 3105 Petro
669 3067 918 3116 deglutiendum
938 3079 1006 3100 non
1030 3067 1133 3102 tradi-

346 3132 431 3154 mus.
444 3119 524 3154 Hoc
537 3127 646 3152 tamen
663 3130 696 3153 vt
709 3117 1060 3165 persuadeant‚negant
1073 3127 1147 3157 nos¹

346 3166 527 3204 discernere
539 3166 624 3199 inter
634 3167 734 3201 nudas
752 3162 1005 3213 promiffiones,
1025 3165 1056 3200 &
1077 3162 1134 3199 Sa-

346 3215 519 3252 eramentis
534 3214 672 3249 vestitas.
688 3215 775 3262 quali
795 3213 852 3248 vbi
866 3212 915 3249 fua
927 3214 1039 3246 omnia
1054 3226 1134 3260 pro-

347 3265 485 3300 tulerint
495 3286 505 3301 ‚
519 3275 588 3297 non
600 3265 796 3299 luculentius
809 3267 842 3299 &
854 3262 986 3297 vberius
1006 3273 1043 3295 ex
1057 3260 1135 3296 scri-

344 3314 411 3363 ptis
420 3312 539 3349 nostris
553 3311 677 3349 discant
687 3312 825 3348 lec-“tores
837 3312 939 3361 quim
959 3306 1136 3346 efficaciter

1214 322 1388 370 Vigesimo
1401 323 1538 370 septimo
1551 326 1657 372 capite
1668 325 1838 360 obiiciunt
1850 349 1860 366 ,
1874 322 1957 361 so'lui

1164 371 1180 405 a
1193 372 1290 405 nobis
1304 371 1428 407 Christi
1440 371 1597 420 person-51,
1610 374 1686 420 quia
1697 386 1856 422 negamus
1868 371 1958 421 posse

1164 421 1198 453 in
1213 432 1323 454 natura
1338 421 1478 455 humana
1494 421 1730 470 effevbicfique
1741 424 1831 458 vdit.
1847 425 1879 458 Si
1891 423 1959 457 haec

1165 469 1211 503 est
1224 469 1366 516 personae
1377 469 1498 504 solutio
1509 494 1519 510 ,
1535 471 1614 506 hum
1625 484 1691 505 anae
1704 471 1828 507 Christi
1840 482 1961 506 naturae

1166 519 1247 565 eripi
1262 517 1385 553 necess'e
1398 521 1460 554 erit
1474 519 1564 567 quod
1580 521 1648 554 eius
1671 520 1962 569 maximeproprir‘a

1166 567 1269 606 eststre
1280 567 1403 602 desinat
1415 567 1475 602 effe
1488 569 1661 604 mediator.
1674 569 1768 616 Qd
1781 579 1890 604 autern
1900 569 1963 604 ab-

1165 615 1289 650 surdius
1319 616 1402 664 fingi
1423 620 1526 664 potest
1546 641 1555 656 ‚
1585 617 1687 665 quam
1708 622 1741 653 in
1763 618 1851 653 coelo
1870 616 1963 653 fuisse

1167 664 1292 700 Clu-isti
1305 678 1434 700 carnem
1448 667 1571 700 durnin
1584 680 1677 702 cruce
1691 667 1962 714 pendebatrNe-

1165 727 1229 760 que
1241 723 1350 760 tamen
1372 715 1509 749 dubium
1529 715 1573 749 est
1590 718 1672 763 quin
1693 726 1784 751 totus
1806 715 1959 752 Christus

1165 765 1260 798 Deus
1280 763 1428 800 &homo
1441 775 1519 798 tunc
1531 777 1666 812 quoque
1686 766 1719 800 in
1741 765 1828 799 coelo
1850 763 1960 801 fuerit'.

1166 812 1230 847 sed
1259 813 1323 847 istis
1347 813 1491 860 superbis
1513 815 1701 853 censoribus
1722 813 1866 849 tenenda
1896 823 1963 849 erat

1166 862 1309 909 vulgaris
1321 862 1489 896 distinfflo
1501 886 1510 902 ,
1520 875 1595 910 quae
1606 875 1665 898 nec
1675 867 1775 898 Petro
1796 862 1960 899 Lombar-
1975 857 2087 938 ξὲῑῖῗὺῗ,

1168 912 1212 945 do
1222 935 1230 950 ‚
1245 923 1305 945 nec
1323 910 1475 958 sophistis
1488 914 1544 958 qui
1555 912 1666 959 postea
1678 911 1779 948 secuti
1792 911 1864 948 sunt
1876 936 1887 952 ‚
1901 910 1964 947 fuit

1168 961 1362 1008 incognita:
1377 973 1497 1008 nempe
1516 962 1607 1008 quod
1631 961 1781 997 Christus
1794 961 1966 997 Mediator

1169 1011 1303 1044 Deus&
1316 1008 1421 1044 homo
1433 1021 1524 1044 totus
1540 1010 1663 1057 vbique
1675 1010 1713 1045 sit
1726 1034 1734 1048 ,
1751 1010 1804 1046 sed
1815 1023 1885 1045 non
1907 1021 1965 1046 to-

1169 1069 1239 1093 tum
1253 1073 1260 1092 ι
1273 1059 1350 1106 quia
1377 1060 1485 1093 carni‘s-
1495 1057 1554 1092 suae
1576 1058 1723 1106 respeE’tu
1746 1060 1780 1093 in
1803 1070 1886 1094 terra
1904 1061 1967 1095 ali-

1169 1107 1317 1155 quandiu
1329 1107 1469 1143 versatus
1481 1107 1526 1155 est
1538 1131 1548 1147 ‚
1560 1113 1591 1144 δι
1604 1109 1738 1143 nuncin
1763 1109 1855 1143 coel-is
1866 1108 1967 1145 habi-

1170 1167 1228 1191 tar-
1258 1159 1308 1191 Ac
1329 1158 1513 1191 mirum-est
1532 1157 1686 1192 homines
1706 1157 1786 1192 istos
1797 1169 1864 1192 tam
1883 1170 1968 1206 pro-

1170 1205 1262 1240 t'erue
1275 1217 1390 1240 contra
1405 1207 1525 1241 veteris
1536 1206 1683 1254 Ecclefie
1697 1205 1889 1242 consensum
1901 1206 1969 1243 ἵει-α’

1171 1257 1209 1289 ri.
1224 1255 1316 1289 cuius
1327 1256 1458 1302 plenam
1472 1256 1679 1302 &liquidam
1703 1254 1936 1303 probationem
1949 1256 1969 1292 a

1171 1303 1269 1338 fideli·
1285 1303 1410 1339 Christi
1432 1305 1588 1339 Ministro
1609 1310 1641 1341 δε
1661 1305 1852 1340 venerando
1870 1303 1969 1341 fratre

1170 1353 1285 1388 nostro
1305 1351 1502 1402 Bullinge‘ro
1525 1365 1614 1403 petat
1629 1355 1686 1402 qui
1703 1354 1806 1388 volet.
1836 1355 1970 1389 Dicunt

1172 1401 1342 1438 Christum
1366 1403 1469 1438 ade-{se
1487 1405 1571 1438 velle
1590 1406 1655 1438 toti
1669 1401 1820 1438 Ecclefiae
1830 1416 1888 1451 per
1899 1403 1969 1438 haec

1171 1451 1372 1491 verba‚1··-Ioc
1385 1453 1426 1486 est
1440 1464 1557 1500 corpus
1571 1465 1694 1488 meum.
1706 1452 1775 1487 esto
1785 1477 1795 1493 ‚
1807 1452 1912 1487 modo
1926 1461 1969 1487 ne

1171 1499 1451 1548 improbiffimum
1468 1501 1675 1536 mendacium
1689 1500 1830 1542 assuant,
1843 1501 1969 1537 volun—

1170 1562 1271 1586 tatem
1283 1549 1342 1585 hac
1355 1555 1385 1586 δι
1400 1551 1602 1598 praesentiarn
1615 1550 1746 1586 Christi*
1756 1563 1818 1584 nos
1831 1548 1969 1585 subrue-

1172 1612 1206 1634 re
1216 1613 1252 1634 ex
1265 1601 1437 1647 principiis
1452 1597 1707 1646 philosophicis.
1719 1599 1970 1647 quidoquidem

1173 1650 1245 1697 plus
1257 1649 1330 1684 satis
1342 1652 1426 1683 notfi
1441 1649 1486 1684 est
1503 1661 1573 1683 non
1582 1649 1669 1686 aliud
1683 1651 1786 1683 totius
1807 1648 1970 1684 Christia-

1172 1709 1221 1733 nae
1235 1698 1395 1732 doetrinae
1408 1709 1503 1746 caput
1515 1697 1663 1745 pluribus
1680 1700 1854 1745 Scripturae
1874 1697 1970 1734 testi-

1173 1747 1298 1795 moniis
1317 1745 1438 1782 fulciri.
1833 1746 1836 1748 ’

1225 1797 1301 1831 Nec
1319 1797 1428 1835 minus
1449 1795 1599 1844 peruerse
1613 1795 1820 1831 vltimoloco
1840 1793 1969 1832 calami

1173 1846 1307 1880 niantur
1319 1857 1381 1880 nos
1393 1845 1530 1881 Christo
1544 1845 1644 1880 fidem
1656 1858 1729 1880 curn
1744 1846 1969 1893 omnipoten-

1171 1896 1216 1930 tia
1231 1895 1389 1942 adimere.
1409 1894 1497 1942 quasl
1521 1894 1691 1942 quisquam
1704 1893 1852 1929 nostr-iim
1874 1895 1971 1940 quaess‘

1172 1943 1314 1990 stionem
1329 1944 1641 1990 haftenusmouerit
1652 1965 1663 1982 ,
1674 1944 1725 1976 vel
1739 1942 1842 1976 hodie
1852 1940 1967 1987 dispu-

1174 1991 1389 2040 tet‚1p0ffitne
1401 1993 1538 2040 implere
1548 1989 1698 2026 Christus
1710 1990 1870 2037 quicquid
1884 2001 1968 2036 pro-

1175 2043 1281 2076 mittit
1292 2054 1355 2081 ,·an
1370 2041 1450 2075 νει-ὸ
1463 2039 1630 2075 fallacibus
1645 2037 1777 2085 specim
1791 2049 1854 2072 nos
1871 2038 1969 2073 delu-

1175 2091 1251 2125 dar.-
1270 2087 1378 2138 Atqui
1393 2089 1433 2123 fic
1442 2088 1569 2125 Christi
1579 2087 1785 2123 voluntatem
1799 2098 1874 2121 cum
1886 2098 1969 2122 om-

1174 2139 1272 2172 nibus
1284 2138 1362 2173 fidei
1377 2137 1550 2186 principiis
1562 2136 1719 2170 conciliat
1732 2135 1842 2170 nostra
1862 2134 1969 2170 doc&-

1175 2187 1210 2221 di
1222 2188 1306 2222 ratio
1317 2210 1327 2227 ,
1338 2199 1372 2221 vr
1385 2185 1551 2236 praesentia
1563 2189 1594 2220 δι
1614 2184 1880 2219 communicatio
1894 2196 1970 2219 car-

1175 2237 1226 2270 nis
1239 2237 1307 2271 eius
1319 2259 1329 2275 ,
1341 2247 1403 2282 qua
1416 2233 1567 2273 fruimur,
1581 2234 1679 2268 nullis
1691 2234 1840 2268 locorum
1857 2232 1967 2281 spatiis

1175 2286 1343 2332 alligetur:
1362 2283 1428 2331 ipse
1439 2282 1622 2330 veroquod
1634 2281 1752 2330 figurat
1771 2282 1970 2318 mirabiliter

1175 2338 1207 2370 δι
1220 2334 1310 2379 supra
1322 2332 1451 2381 ingenii
1463 2331 1566 2367 nostri
1577 2327 1707 2378 captum
1720 2331 1855 2379 praesset:
1869 2331 1968 2366 deni·
1995 2352 1998 2354 v
2024 2355 2025 2358 κ

1176 2395 1241 2430 que
1251 2383 1435 2430 analogiam
1449 2380 1541 2428 figni·
1555 2385 1587 2416 δι
1605 2382 1657 2414 κί’
1671 2379 1802 2428 fignatae
1819 2382 1864 2414 ita
1883 2392 1977 2416 con-·

1177 2433 1302 2470 cinnat,
1314 2441 1348 2465 vt
1358 2430 1460 2466 verbo
1469 2434 1502 2466 δε
1512 2429 1632 2464 visibili
1645 2429 1798 2476 symbolo
1810 2426 1878 2463 non
1891 2437 1978 2464 mo-·

1177 2480 1222 2514 do
1233 2478 1356 2514 fruetus
1372 2480 1424 2514 vel
1437 2478 1570 2513 effeetus
1580 2481 1691 2526 gratiae
1704 2490 1803 2526 quem
1816 2491 1852 2513 ex
1865 2477 1972 2513 Chri-

1176 2530 1213 2563 sti
1225 2527 1382 2564 societate
1398 2526 1668 2575 percipimuS‚sed
1681 2538 1801 2562 arcanae
1814 2539 1889 2562 cum
1901 2527 1977 2561 eius‘

1178 2583 1315 2614 carne&
1334 2576 1490 2626 sanguine
1510 2576 1830 2613 commu-nicationis
1851 2576 1972 2610 veritas

1178 2626 1277 2662 simul
1287 2639 1408 2660 annexa
1422 2625 1471 2662 fit.
1764 2630 1765 2633 ’

1226 2676 1422 2711 Videndum
1435 2688 1524 2710 nunc
1534 2673 1768 2723 quamfdextre
1778 2685 1974 2723 argumenta

1178 2724 1287 2759 nostra
1300 2722 1458 2771 diffipent·
1469 2730 1482 2766 (
1492 2732 1562 2772 quae
1573 2725 1725 2759 eir-arenis
1747 2734 1900 2758 contexta
1912 2722 1982 2768 else⁴

1179 2774 1318 2808 volunt:
1339 2775 1396 2820 qui
1415 2772 1457 2808 fic
1468 2773 1508 2808 de
1517 2773 1675 2808 haereticis
1691 2773 1823 2807 locutus
1846 2770 1892 2807 est
1901 2774 1975 2807 Ire-

1180 2827 1280 2870 neus)
1294 2825 1438 2869 primum
1452 2823 1544 2870 quod
1556 2832 1747 2856 enumerant
1758 2835 1795 2857 ex
1806 2822 1975 2869 quinqua-

1180 2874 1272 2919 ginta
1293 2884 1416 2906 nouem
1433 2894 1443 2910 ‚
1459 2870 1676 2906 addiruenda
1693 2868 1842 2906 funditus
1858 2871 1975 2906 omnia

1179 2920 1312 2955 obieeta
1323 2944 1334 2960 ‚
1347 2919 1468 2967 quibus
1482 2919 1637 2954 hactenns
1656 2918 1805 2966 praeclare
1825 2921 1974 2954 munitos

1180 2967 1212 3005 se
1223 2979 1383 3017 putarunt-
1395 2964 1521 3010 {vnum
1535 2967 1672 3003 abunde
1684 2966 1814 3003 fufficit.
1838 2968 1927 3005 Nam
1948 2966 1975 3003 st

1180 3018 1319 3066 propius
1332 3018 1474 3065 excutias
1486 3027 1688 3066 quaecunque
1705 3014 1842 3052 afferunt
1852 3040 1863 3057 ,
1881 3015 1974 3050 surn-

1182 3079 1234 3102 ma
1244 3066 1311 3102 'huc
1325 3067 1410 3102 redit
1420 3088 1431 3107 ,
1442 3067 1536 3101 omni
1547 3067 1823 3112 interpretatione
1839 3065 1972 3106 reiecta,

1182 3115 1376 3164 (impliciter
1394 3115 1490 3164 quod·
1509 3113 1609 3149 verba
1631 3113 1770 3154 sonant,
1788 3113 1973 3148 tenendum

1182 3163 1253 3200 esse.
1287 3162 1357 3199 Hic.
1384 3163 1465 3199 vero
1483 3163 1587 3198 *nobis
1609 3163 1720 3198 murus
1739 3161 1880 3196 aheneus
1910 3161 1968 3198 est:

1182 3213 1257 3261 quia
1269 3215 1514 3248 Sacramentum
1521 3213 1666 3247 ‘instituit
1676 3209 1824 3247 Christus
1839 3234 1849 3250 ‚
1867 3209 1971 3246 sacra-

1182 3261 1372 3297 mentaliter
1399 3262 1519 3297 debere
1535 3261 1667 3308 ‘exponi
1697 3260 1765 3294 eius
1783 3259 1882 3294 verba
1907 3271 1970 3306 pro

1182 3311 1355 3369 communi
1365 3307 1538 3359 Scripturae
1547 3321 1652 3347 more.
1665 3306 1740 3344 narn
1749 3309 1968 3364 Sacramentjs

1850 3368 1967 3393 omm-
