<?xml version="1.0" encoding="UTF-8"?>
<!DOCTYPE html PUBLIC "-//W3C//DTD XHTML 1.0 Transitional//EN"
    "http://www.w3.org/TR/xhtml1/DTD/xhtml1-transitional.dtd">
<html xmlns="http://www.w3.org/1999/xhtml" xml:lang="en" lang="en">
 <head>
  <title>
</title>
<meta http-equiv="Content-Type" content="text/html;charset=utf-8" />
  <meta name='ocr-system' content='tesseract 3.04.00' />
  <meta name='ocr-capabilities' content='ocr_page ocr_carea ocr_par ocr_line ocrx_word'/>
</head>
<body>
  <div class='ocr_page' id='page_1' title='image "./ioanniscalvinitr00calv_0371.png"; bbox 0 0 2113 3674; ppageno 0'>
   <div class='ocr_carea' id='block_1_1' title="bbox 28 1110 142 1148">
    <p class='ocr_par' dir='ltr' id='par_1_1' title="bbox 28 1110 142 1148">
     <span class='ocr_line' id='line_1_1' title="bbox 28 1110 142 1148; baseline -0.009 -8"><span class='ocrx_word' id='word_1_1' title='bbox 28 1110 142 1148; x_wconf 48' lang='lat' dir='ltr'>Galus.</span> 
     </span>
    </p>
   </div>
   <div class='ocr_carea' id='block_1_2' title="bbox 762 204 1153 257">
    <p class='ocr_par' dir='ltr' id='par_1_2' title="bbox 762 204 1153 257">
     <span class='ocr_line' id='line_1_2' title="bbox 762 204 1153 257; baseline 0.005 -19"><span class='ocrx_word' id='word_1_2' title='bbox 762 204 1153 257; x_wconf 58' lang='lat' dir='ltr'>iixiTERiM.</span> 
     </span>
    </p>
   </div>
   <div class='ocr_carea' id='block_1_3' title="bbox 142 262 943 1820">
    <p class='ocr_par' dir='ltr' id='par_1_3' title="bbox 157 262 943 499">
     <span class='ocr_line' id='line_1_3' title="bbox 158 262 943 312; baseline -0.004 -10"><span class='ocrx_word' id='word_1_3' title='bbox 158 267 259 303; x_wconf 87' lang='lat' dir='ltr'>Filius</span> <span class='ocrx_word' id='word_1_4' title='bbox 271 291 280 308; x_wconf 94' lang='lat'>,</span> <span class='ocrx_word' id='word_1_5' title='bbox 293 269 323 303; x_wconf 77' lang='grc' dir='ltr'>δι</span> <span class='ocrx_word' id='word_1_6' title='bbox 335 262 472 312; x_wconf 81' lang='lat' dir='ltr'>Spiritus</span> <span class='ocrx_word' id='word_1_7' title='bbox 492 262 633 299; x_wconf 61' lang='lat' dir='ltr'>sanetus:</span> <span class='ocrx_word' id='word_1_8' title='bbox 659 264 692 298; x_wconf 91' lang='lat' dir='ltr'>in</span> <span class='ocrx_word' id='word_1_9' title='bbox 705 265 796 299; x_wconf 85' lang='lat' dir='ltr'>cuius</span> <span class='ocrx_word' id='word_1_10' title='bbox 809 265 943 300; x_wconf 82' lang='lat' dir='ltr'>tutelam</span> 
     </span>
     <span class='ocr_line' id='line_1_4' title="bbox 158 311 943 361; baseline -0.004 -9"><span class='ocrx_word' id='word_1_11' title='bbox 158 319 224 352; x_wconf 86' lang='lat' dir='ltr'>iam</span> <span class='ocrx_word' id='word_1_12' title='bbox 233 315 409 358; x_wconf 83' lang='lat' dir='ltr'>transeunt,</span> <span class='ocrx_word' id='word_1_13' title='bbox 420 311 504 359; x_wconf 88' lang='lat' dir='ltr'>e&#39;que</span> <span class='ocrx_word' id='word_1_14' title='bbox 515 311 640 348; x_wconf 72' lang='lat' dir='ltr'>foedere</span> <span class='ocrx_word' id='word_1_15' title='bbox 654 313 855 361; x_wconf 84' lang='lat' dir='ltr'>sempiterno</span> <span class='ocrx_word' id='word_1_16' title='bbox 868 326 943 349; x_wconf 84' lang='lat' dir='ltr'>curn</span> 
     </span>
     <span class='ocr_line' id='line_1_5' title="bbox 158 359 942 411; baseline -0.006 -10"><span class='ocrx_word' id='word_1_17' title='bbox 158 368 237 401; x_wconf 93' lang='lat' dir='ltr'>Deo</span> <span class='ocrx_word' id='word_1_18' title='bbox 248 366 388 411; x_wconf 84' lang='lat' dir='ltr'>iungunt</span> <span class='ocrx_word' id='word_1_19' title='bbox 400 385 410 401; x_wconf 90' lang='lat'>,</span> <span class='ocrx_word' id='word_1_20' title='bbox 421 372 580 408; x_wconf 86' lang='lat' dir='ltr'>quatenus</span> <span class='ocrx_word' id='word_1_21' title='bbox 599 361 734 396; x_wconf 82' lang='lat' dir='ltr'>diabolo</span> <span class='ocrx_word' id='word_1_22' title='bbox 747 359 879 409; x_wconf 74' lang='lat' dir='ltr'>eit&#39;isque</span> <span class='ocrx_word' id='word_1_23' title='bbox 900 375 942 397; x_wconf 94' lang='lat' dir='ltr'>o-</span> 
     </span>
     <span class='ocr_line' id='line_1_6' title="bbox 157 410 942 463; baseline -0.005 -13"><span class='ocrx_word' id='word_1_24' title='bbox 157 414 289 463; x_wconf 81' lang='lat' dir='ltr'>peribus</span> <span class='ocrx_word' id='word_1_25' title='bbox 300 411 820 458; x_wconf 71' lang='lat' dir='ltr'>abrenunciant‚pr0mittitntque</span> <span class='ocrx_word' id='word_1_26' title='bbox 832 410 942 446; x_wconf 82' lang='lat' dir='ltr'>seDeo</span> 
     </span>
     <span class='ocr_line' id='line_1_7' title="bbox 158 463 370 499; baseline -0.028 0"><span class='ocrx_word' id='word_1_27' title='bbox 158 463 370 499; x_wconf 84' lang='lat' dir='ltr'>militaturos.</span> 
     </span>
    </p>

    <p class='ocr_par' dir='ltr' id='par_1_4' title="bbox 151 507 939 936">
     <span class='ocr_line' id='line_1_8' title="bbox 212 507 939 558; baseline -0.001 -14"><span class='ocrx_word' id='word_1_28' title='bbox 212 509 316 558; x_wconf 75' lang='lat' dir='ltr'>Qod</span> <span class='ocrx_word' id='word_1_29' title='bbox 328 519 435 543; x_wconf 89' lang='lat' dir='ltr'>autem</span> <span class='ocrx_word' id='word_1_30' title='bbox 451 507 491 542; x_wconf 87' lang='lat' dir='ltr'>ad</span> <span class='ocrx_word' id='word_1_31' title='bbox 511 521 627 543; x_wconf 87' lang='lat' dir='ltr'>munus</span> <span class='ocrx_word' id='word_1_32' title='bbox 646 507 836 555; x_wconf 89' lang='lat' dir='ltr'>baptizandi</span> <span class='ocrx_word' id='word_1_33' title='bbox 860 510 939 543; x_wconf 86' lang='lat' dir='ltr'>atti-</span> 
     </span>
     <span class='ocr_line' id='line_1_9' title="bbox 155 555 938 603; baseline -0.003 -9"><span class='ocrx_word' id='word_1_34' title='bbox 155 571 233 599; x_wconf 90' lang='lat' dir='ltr'>net,</span> <span class='ocrx_word' id='word_1_35' title='bbox 244 557 300 594; x_wconf 90' lang='lat' dir='ltr'>ersi</span> <span class='ocrx_word' id='word_1_36' title='bbox 312 557 376 592; x_wconf 87' lang='lat' dir='ltr'>hoc</span> <span class='ocrx_word' id='word_1_37' title='bbox 388 557 426 591; x_wconf 87' lang='lat' dir='ltr'>ad</span> <span class='ocrx_word' id='word_1_38' title='bbox 439 555 618 591; x_wconf 79' lang='lat' dir='ltr'>sacerdotes</span> <span class='ocrx_word' id='word_1_39' title='bbox 633 556 772 591; x_wconf 75' lang='lat' dir='ltr'>maxime</span> <span class='ocrx_word' id='word_1_40' title='bbox 783 559 938 603; x_wconf 87' lang='lat' dir='ltr'>pertinet,</span> 
     </span>
     <span class='ocr_line' id='line_1_10' title="bbox 157 604 938 645; baseline -0.006 0"><span class='ocrx_word' id='word_1_41' title='bbox 157 611 240 645; x_wconf 70' lang='lat' dir='ltr'>tame</span> <span class='ocrx_word' id='word_1_42' title='bbox 249 607 347 642; x_wconf 84' lang='lat' dir='ltr'>laicus</span> <span class='ocrx_word' id='word_1_43' title='bbox 360 604 457 640; x_wconf 88' lang='lat' dir='ltr'>etiam</span> <span class='ocrx_word' id='word_1_44' title='bbox 470 606 556 640; x_wconf 66' lang='lat' dir='ltr'>reste</span> <span class='ocrx_word' id='word_1_45' title='bbox 568 611 599 642; x_wconf 93' lang='lat'>&amp;</span> <span class='ocrx_word' id='word_1_46' title='bbox 612 606 735 641; x_wconf 81' lang='lat' dir='ltr'>Vtiliter</span> <span class='ocrx_word' id='word_1_47' title='bbox 746 607 780 639; x_wconf 86' lang='lat' dir='ltr'>in</span> <span class='ocrx_word' id='word_1_48' title='bbox 793 604 862 639; x_wconf 81' lang='lat' dir='ltr'>casu</span> <span class='ocrx_word' id='word_1_49' title='bbox 879 620 938 640; x_wconf 89' lang='lat' dir='ltr'>ne-</span> 
     </span>
     <span class='ocr_line' id='line_1_11' title="bbox 155 653 937 702; baseline -0.005 -9"><span class='ocrx_word' id='word_1_50' title='bbox 155 655 305 693; x_wconf 79' lang='lat' dir='ltr'>cessitatis</span> <span class='ocrx_word' id='word_1_51' title='bbox 315 654 477 702; x_wconf 85' lang='lat' dir='ltr'>baptizare</span> <span class='ocrx_word' id='word_1_52' title='bbox 500 655 624 702; x_wconf 85' lang='lat' dir='ltr'>potest:</span> <span class='ocrx_word' id='word_1_53' title='bbox 642 667 701 688; x_wconf 90' lang='lat' dir='ltr'>nec</span> <span class='ocrx_word' id='word_1_54' title='bbox 722 653 743 687; x_wconf 87' lang='lat' dir='ltr'>li</span> <span class='ocrx_word' id='word_1_55' title='bbox 767 653 937 689; x_wconf 80' lang='lat' dir='ltr'>haer&#39;eticus</span> 
     </span>
     <span class='ocr_line' id='line_1_12' title="bbox 153 701 939 754; baseline -0.001 -14"><span class='ocrx_word' id='word_1_56' title='bbox 153 706 332 754; x_wconf 86' lang='lat' dir='ltr'>baptizaret</span> <span class='ocrx_word' id='word_1_57' title='bbox 341 726 350 742; x_wconf 92' lang='lat'>‚</span> <span class='ocrx_word' id='word_1_58' title='bbox 361 703 544 738; x_wconf 86' lang='lat' dir='ltr'>dummodo</span> <span class='ocrx_word' id='word_1_59' title='bbox 555 702 666 738; x_wconf 85' lang='lat' dir='ltr'>debita</span> <span class='ocrx_word' id='word_1_60' title='bbox 677 704 821 741; x_wconf 82' lang='lat' dir='ltr'>materia,</span> <span class='ocrx_word' id='word_1_61' title='bbox 834 701 939 739; x_wconf 83' lang='lat' dir='ltr'>forma</span> 
     </span>
     <span class='ocr_line' id='line_1_13' title="bbox 153 750 937 792; baseline -0.003 -3"><span class='ocrx_word' id='word_1_62' title='bbox 153 767 190 789; x_wconf 85' lang='lat' dir='ltr'>ac</span> <span class='ocrx_word' id='word_1_63' title='bbox 204 753 391 792; x_wconf 82' lang='lat' dir='ltr'>intentione</span> <span class='ocrx_word' id='word_1_64' title='bbox 402 762 527 792; x_wconf 90' lang='lat' dir='ltr'>vtatur,</span> <span class='ocrx_word' id='word_1_65' title='bbox 540 755 783 787; x_wconf 79' lang='lat' dir='ltr'>Sacramentum</span> <span class='ocrx_word' id='word_1_66' title='bbox 797 750 861 787; x_wconf 91' lang='lat' dir='ltr'>hoc</span> <span class='ocrx_word' id='word_1_67' title='bbox 872 754 937 787; x_wconf 88' lang='lat' dir='ltr'>ite-</span> 
     </span>
     <span class='ocr_line' id='line_1_14' title="bbox 151 799 938 848; baseline -0.003 -10"><span class='ocrx_word' id='word_1_68' title='bbox 151 803 290 839; x_wconf 78' lang='lat' dir='ltr'>mudum</span> <span class='ocrx_word' id='word_1_69' title='bbox 300 799 434 840; x_wconf 87' lang='lat' dir='ltr'>est‚cum</span> <span class='ocrx_word' id='word_1_70' title='bbox 445 800 510 835; x_wconf 88' lang='lat' dir='ltr'>hoc</span> <span class='ocrx_word' id='word_1_71' title='bbox 523 801 611 835; x_wconf 86' lang='lat' dir='ltr'>idem</span> <span class='ocrx_word' id='word_1_72' title='bbox 622 813 690 834; x_wconf 93' lang='lat' dir='ltr'>non</span> <span class='ocrx_word' id='word_1_73' title='bbox 702 800 864 848; x_wconf 67' lang='lat' dir='ltr'>dignitate</span> <span class='ocrx_word' id='word_1_74' title='bbox 875 803 938 836; x_wconf 85' lang='lat' dir='ltr'>mi-</span> 
     </span>
     <span class='ocr_line' id='line_1_15' title="bbox 151 849 934 897; baseline -0.001 -10"><span class='ocrx_word' id='word_1_75' title='bbox 151 851 263 891; x_wconf 83' lang='lat' dir='ltr'>nistri,</span> <span class='ocrx_word' id='word_1_76' title='bbox 273 849 326 885; x_wconf 90' lang='lat' dir='ltr'>sed</span> <span class='ocrx_word' id='word_1_77' title='bbox 351 849 485 884; x_wconf 79' lang='lat' dir='ltr'>veritate</span> <span class='ocrx_word' id='word_1_78' title='bbox 504 849 597 884; x_wconf 87' lang='lat' dir='ltr'>verbi</span> <span class='ocrx_word' id='word_1_79' title='bbox 622 850 729 884; x_wconf 88' lang='lat' dir='ltr'>diuini</span> <span class='ocrx_word' id='word_1_80' title='bbox 751 854 782 885; x_wconf 86' lang='lat'>&amp;</span> <span class='ocrx_word' id='word_1_81' title='bbox 796 851 934 897; x_wconf 85' lang='lat' dir='ltr'>Spiritus</span> 
     </span>
     <span class='ocr_line' id='line_1_16' title="bbox 151 897 535 936; baseline -0.013 1"><span class='ocrx_word' id='word_1_82' title='bbox 151 900 255 936; x_wconf 62' lang='lat' dir='ltr'>sanfii</span> <span class='ocrx_word' id='word_1_83' title='bbox 265 899 387 933; x_wconf 88' lang='lat' dir='ltr'>virtute</span> <span class='ocrx_word' id='word_1_84' title='bbox 397 897 535 932; x_wconf 87' lang='lat' dir='ltr'>constat.</span> 
     </span>
    </p>

    <p class='ocr_par' dir='ltr' id='par_1_5' title="bbox 142 945 935 1820">
     <span class='ocr_line' id='line_1_17' title="bbox 204 945 933 996; baseline -0.001 -14"><span class='ocrx_word' id='word_1_85' title='bbox 204 951 408 996; x_wconf 86' lang='lat' dir='ltr'>Qanquam</span> <span class='ocrx_word' id='word_1_86' title='bbox 418 958 525 981; x_wconf 78' lang='lat' dir='ltr'>autem</span> <span class='ocrx_word' id='word_1_87' title='bbox 537 945 721 994; x_wconf 83' lang='lat' dir='ltr'>Baptismus</span> <span class='ocrx_word' id='word_1_88' title='bbox 736 946 838 982; x_wconf 82' lang='lat' dir='ltr'>aufert</span> <span class='ocrx_word' id='word_1_89' title='bbox 857 959 933 981; x_wconf 90' lang='lat' dir='ltr'>om-</span> 
     </span>
     <span class='ocr_line' id='line_1_18' title="bbox 150 994 935 1044; baseline -0.005 -10"><span class='ocrx_word' id='word_1_90' title='bbox 150 998 206 1034; x_wconf 80' lang='lat' dir='ltr'>nia</span> <span class='ocrx_word' id='word_1_91' title='bbox 217 998 465 1044; x_wconf 81' lang='lat' dir='ltr'>inquinamenta</span> <span class='ocrx_word' id='word_1_92' title='bbox 477 995 584 1030; x_wconf 71' lang='lat' dir='ltr'>nostra</span> <span class='ocrx_word' id='word_1_93' title='bbox 597 994 771 1031; x_wconf 86' lang='lat' dir='ltr'>secundum</span> <span class='ocrx_word' id='word_1_94' title='bbox 784 998 935 1043; x_wconf 84' lang='lat' dir='ltr'>Scriptu-</span> 
     </span>
     <span class='ocr_line' id='line_1_19' title="bbox 150 1045 934 1087; baseline -0.005 -5"><span class='ocrx_word' id='word_1_95' title='bbox 150 1059 199 1084; x_wconf 86' lang='lat' dir='ltr'>ras</span> <span class='ocrx_word' id='word_1_96' title='bbox 211 1045 286 1087; x_wconf 76' lang='lat' dir='ltr'>,hic</span> <span class='ocrx_word' id='word_1_97' title='bbox 297 1057 406 1080; x_wconf 89' lang='lat' dir='ltr'>tamen</span> <span class='ocrx_word' id='word_1_98' title='bbox 429 1056 498 1078; x_wconf 90' lang='lat' dir='ltr'>non</span> <span class='ocrx_word' id='word_1_99' title='bbox 511 1057 645 1078; x_wconf 85' lang='lat' dir='ltr'>omnem</span> <span class='ocrx_word' id='word_1_100' title='bbox 670 1046 791 1079; x_wconf 76' lang='lat' dir='ltr'>vitiatae</span> <span class='ocrx_word' id='word_1_101' title='bbox 814 1056 934 1079; x_wconf 85' lang='lat' dir='ltr'>naturae</span> 
     </span>
     <span class='ocr_line' id='line_1_20' title="bbox 152 1091 933 1144; baseline -0.004 -13"><span class='ocrx_word' id='word_1_102' title='bbox 152 1097 345 1144; x_wconf 64' lang='lat' dir='ltr'>languorem</span> <span class='ocrx_word' id='word_1_103' title='bbox 354 1091 508 1133; x_wconf 89' lang='lat' dir='ltr'>aufert,vt</span> <span class='ocrx_word' id='word_1_104' title='bbox 518 1093 609 1140; x_wconf 68' lang='lat' dir='ltr'>suprzi</span> <span class='ocrx_word' id='word_1_105' title='bbox 627 1095 721 1127; x_wconf 85' lang='lat' dir='ltr'>etiam</span> <span class='ocrx_word' id='word_1_106' title='bbox 732 1095 933 1128; x_wconf 84' lang='lat' dir='ltr'>monuimus:</span> 
     </span>
     <span class='ocr_line' id='line_1_21' title="bbox 153 1140 933 1191; baseline -0.003 -12"><span class='ocrx_word' id='word_1_107' title='bbox 153 1144 315 1191; x_wconf 84' lang='lat' dir='ltr'>relinquit</span> <span class='ocrx_word' id='word_1_108' title='bbox 325 1143 412 1182; x_wconf 83' lang='lat' dir='ltr'>enim</span> <span class='ocrx_word' id='word_1_109' title='bbox 435 1140 733 1187; x_wconf 64' lang='lat' dir='ltr'>concupiscentiam</span> <span class='ocrx_word' id='word_1_110' title='bbox 753 1143 792 1176; x_wconf 85' lang='lat' dir='ltr'>ad</span> <span class='ocrx_word' id='word_1_111' title='bbox 812 1143 933 1177; x_wconf 84' lang='lat' dir='ltr'>malum</span> 
     </span>
     <span class='ocr_line' id='line_1_22' title="bbox 152 1188 932 1237; baseline -0.004 -9"><span class='ocrx_word' id='word_1_112' title='bbox 152 1193 370 1230; x_wconf 85' lang='lat' dir='ltr'>inclinantem</span> <span class='ocrx_word' id='word_1_113' title='bbox 384 1201 490 1230; x_wconf 85' lang='lat' dir='ltr'>,reatu</span> <span class='ocrx_word' id='word_1_114' title='bbox 503 1189 572 1237; x_wconf 91' lang='lat' dir='ltr'>ipso</span> <span class='ocrx_word' id='word_1_115' title='bbox 590 1188 728 1224; x_wconf 79' lang='lat' dir='ltr'>sublato.</span> <span class='ocrx_word' id='word_1_116' title='bbox 757 1193 932 1237; x_wconf 87' lang='lat' dir='ltr'>Concupi-</span> 
     </span>
     <span class='ocr_line' id='line_1_23' title="bbox 150 1238 934 1277; baseline -0.004 -1"><span class='ocrx_word' id='word_1_117' title='bbox 150 1241 272 1277; x_wconf 85' lang='lat' dir='ltr'>scentia</span> <span class='ocrx_word' id='word_1_118' title='bbox 281 1238 450 1274; x_wconf 89' lang='lat' dir='ltr'>autemilla</span> <span class='ocrx_word' id='word_1_119' title='bbox 460 1250 574 1272; x_wconf 87' lang='lat' dir='ltr'>contra</span> <span class='ocrx_word' id='word_1_120' title='bbox 596 1238 721 1272; x_wconf 85' lang='lat' dir='ltr'>bonum</span> <span class='ocrx_word' id='word_1_121' title='bbox 742 1238 775 1272; x_wconf 89' lang='lat' dir='ltr'>in</span> <span class='ocrx_word' id='word_1_122' title='bbox 794 1238 934 1273; x_wconf 85' lang='lat' dir='ltr'>homine</span> 
     </span>
     <span class='ocr_line' id='line_1_24' title="bbox 148 1285 933 1337; baseline -0.001 -14"><span class='ocrx_word' id='word_1_123' title='bbox 148 1288 298 1337; x_wconf 81' lang='lat' dir='ltr'>spiritum</span> <span class='ocrx_word' id='word_1_124' title='bbox 310 1298 454 1335; x_wconf 81' lang='lat' dir='ltr'>pugnare</span> <span class='ocrx_word' id='word_1_125' title='bbox 465 1298 533 1320; x_wconf 90' lang='lat' dir='ltr'>non</span> <span class='ocrx_word' id='word_1_126' title='bbox 546 1285 663 1320; x_wconf 82' lang='lat' dir='ltr'>definit</span> <span class='ocrx_word' id='word_1_127' title='bbox 673 1310 683 1325; x_wconf 89' lang='lat'>‚</span> <span class='ocrx_word' id='word_1_128' title='bbox 695 1287 804 1334; x_wconf 84' lang='lat' dir='ltr'>quoad</span> <span class='ocrx_word' id='word_1_129' title='bbox 829 1289 862 1321; x_wconf 88' lang='lat' dir='ltr'>in</span> <span class='ocrx_word' id='word_1_130' title='bbox 874 1288 933 1322; x_wconf 87' lang='lat' dir='ltr'>hac</span> 
     </span>
     <span class='ocr_line' id='line_1_25' title="bbox 148 1333 933 1383; baseline -0.004 -10"><span class='ocrx_word' id='word_1_131' title='bbox 148 1349 233 1373; x_wconf 77' lang='lat' dir='ltr'>terra</span> <span class='ocrx_word' id='word_1_132' title='bbox 243 1337 400 1370; x_wconf 88' lang='lat' dir='ltr'>viuimus.</span> <span class='ocrx_word' id='word_1_133' title='bbox 429 1337 468 1369; x_wconf 89' lang='lat' dir='ltr'>In</span> <span class='ocrx_word' id='word_1_134' title='bbox 486 1345 674 1382; x_wconf 72' lang='lat' dir='ltr'>quomrum</span> <span class='ocrx_word' id='word_1_135' title='bbox 696 1333 761 1382; x_wconf 84' lang='lat' dir='ltr'>ipsa</span> <span class='ocrx_word' id='word_1_136' title='bbox 774 1335 933 1383; x_wconf 78' lang='lat' dir='ltr'>Baptismi</span> 
     </span>
     <span class='ocr_line' id='line_1_26' title="bbox 146 1382 931 1429; baseline -0.003 -7"><span class='ocrx_word' id='word_1_137' title='bbox 146 1389 255 1422; x_wconf 81' lang='lat' dir='ltr'>virtus</span> <span class='ocrx_word' id='word_1_138' title='bbox 269 1385 368 1419; x_wconf 87' lang='lat' dir='ltr'>nobis</span> <span class='ocrx_word' id='word_1_139' title='bbox 387 1382 564 1421; x_wconf 19' lang='lat' dir='ltr'>nonvdeest</span> <span class='ocrx_word' id='word_1_140' title='bbox 575 1406 585 1423; x_wconf 91' lang='lat'>‚</span> <span class='ocrx_word' id='word_1_141' title='bbox 598 1385 634 1416; x_wconf 80' lang='lat' dir='ltr'>vt</span> <span class='ocrx_word' id='word_1_142' title='bbox 646 1385 716 1429; x_wconf 54' lang='lat' dir='ltr'>cfiiae</span> <span class='ocrx_word' id='word_1_143' title='bbox 737 1396 804 1417; x_wconf 89' lang='lat' dir='ltr'>non</span> <span class='ocrx_word' id='word_1_144' title='bbox 826 1383 931 1420; x_wconf 75' lang='lat' dir='ltr'>solum</span> 
     </span>
     <span class='ocr_line' id='line_1_27' title="bbox 147 1430 932 1484; baseline -0.008 -14"><span class='ocrx_word' id='word_1_145' title='bbox 147 1435 276 1484; x_wconf 81' lang='lat' dir='ltr'>peccati</span> <span class='ocrx_word' id='word_1_146' title='bbox 288 1432 400 1468; x_wconf 90' lang='lat' dir='ltr'>omnis</span> <span class='ocrx_word' id='word_1_147' title='bbox 411 1442 534 1466; x_wconf 85' lang='lat' dir='ltr'>reatum</span> <span class='ocrx_word' id='word_1_148' title='bbox 544 1430 639 1465; x_wconf 87' lang='lat' dir='ltr'>semel</span> <span class='ocrx_word' id='word_1_149' title='bbox 650 1431 840 1471; x_wconf 83' lang='lat' dir='ltr'>ademit,sed</span> <span class='ocrx_word' id='word_1_150' title='bbox 852 1446 932 1467; x_wconf 88' lang='lat' dir='ltr'>con-</span> 
     </span>
     <span class='ocr_line' id='line_1_28' title="bbox 145 1479 932 1529; baseline -0.003 -11"><span class='ocrx_word' id='word_1_151' title='bbox 145 1494 197 1519; x_wconf 75' lang='lat' dir='ltr'>tra</span> <span class='ocrx_word' id='word_1_152' title='bbox 208 1481 505 1529; x_wconf 85' lang='lat' dir='ltr'>concupiscentiam</span> <span class='ocrx_word' id='word_1_153' title='bbox 517 1479 622 1514; x_wconf 89' lang='lat' dir='ltr'>adhuc</span> <span class='ocrx_word' id='word_1_154' title='bbox 633 1479 810 1522; x_wconf 64' lang='lat' dir='ltr'>haerentem</span> <span class='ocrx_word' id='word_1_155' title='bbox 821 1482 853 1514; x_wconf 90' lang='lat' dir='ltr'>in</span> <span class='ocrx_word' id='word_1_156' title='bbox 867 1495 932 1516; x_wconf 91' lang='lat' dir='ltr'>no-</span> 
     </span>
     <span class='ocr_line' id='line_1_29' title="bbox 145 1527 931 1568; baseline -0.003 -1"><span class='ocrx_word' id='word_1_157' title='bbox 145 1531 198 1567; x_wconf 85' lang='lat' dir='ltr'>bis</span> <span class='ocrx_word' id='word_1_158' title='bbox 209 1535 242 1568; x_wconf 72' lang='grc' dir='ltr'>δε</span> <span class='ocrx_word' id='word_1_159' title='bbox 252 1530 488 1566; x_wconf 75' lang='lat' dir='ltr'>desideriorum</span> <span class='ocrx_word' id='word_1_160' title='bbox 498 1528 583 1562; x_wconf 88' lang='lat' dir='ltr'>bella</span> <span class='ocrx_word' id='word_1_161' title='bbox 595 1531 737 1563; x_wconf 87' lang='lat' dir='ltr'>cientem</span> <span class='ocrx_word' id='word_1_162' title='bbox 751 1527 858 1564; x_wconf 63' lang='lat' dir='ltr'>firmit</span> <span class='ocrx_word' id='word_1_163' title='bbox 880 1532 931 1565; x_wconf 91' lang='lat' dir='ltr'>vi-</span> 
     </span>
     <span class='ocr_line' id='line_1_30' title="bbox 145 1576 929 1626; baseline -0.003 -11"><span class='ocrx_word' id='word_1_164' title='bbox 145 1592 196 1615; x_wconf 87' lang='lat' dir='ltr'>res</span> <span class='ocrx_word' id='word_1_165' title='bbox 207 1579 330 1614; x_wconf 85' lang='lat' dir='ltr'>nostras</span> <span class='ocrx_word' id='word_1_166' title='bbox 345 1590 401 1625; x_wconf 89' lang='lat' dir='ltr'>per</span> <span class='ocrx_word' id='word_1_167' title='bbox 412 1577 568 1624; x_wconf 74' lang='lat' dir='ltr'>Spiritum</span> <span class='ocrx_word' id='word_1_168' title='bbox 580 1576 725 1612; x_wconf 57' lang='lat' dir='ltr'>sanastum</span> <span class='ocrx_word' id='word_1_169' title='bbox 742 1593 749 1611; x_wconf 91' lang='lat'><strong>:</strong></span> <span class='ocrx_word' id='word_1_170' title='bbox 771 1590 839 1625; x_wconf 93' lang='lat' dir='ltr'>quo</span> <span class='ocrx_word' id='word_1_171' title='bbox 858 1578 929 1626; x_wconf 88' lang='lat' dir='ltr'>ipso</span> 
     </span>
     <span class='ocr_line' id='line_1_31' title="bbox 145 1625 930 1672; baseline -0.003 -9"><span class='ocrx_word' id='word_1_172' title='bbox 145 1629 191 1663; x_wconf 84' lang='lat' dir='ltr'>ita</span> <span class='ocrx_word' id='word_1_173' title='bbox 201 1628 369 1662; x_wconf 82' lang='lat' dir='ltr'>munimur</span> <span class='ocrx_word' id='word_1_174' title='bbox 382 1637 496 1660; x_wconf 89' lang='lat' dir='ltr'>contra</span> <span class='ocrx_word' id='word_1_175' title='bbox 505 1637 640 1660; x_wconf 91' lang='lat' dir='ltr'>omnem</span> <span class='ocrx_word' id='word_1_176' title='bbox 658 1625 930 1672; x_wconf 82' lang='lat' dir='ltr'>concupiscentiae</span> 
     </span>
     <span class='ocr_line' id='line_1_32' title="bbox 143 1674 928 1722; baseline -0.001 -11"><span class='ocrx_word' id='word_1_177' title='bbox 143 1679 213 1711; x_wconf 84' lang='lat' dir='ltr'>vim</span> <span class='ocrx_word' id='word_1_178' title='bbox 225 1699 235 1716; x_wconf 89' lang='lat'>‚</span> <span class='ocrx_word' id='word_1_179' title='bbox 249 1686 284 1709; x_wconf 88' lang='lat' dir='ltr'>vt</span> <span class='ocrx_word' id='word_1_180' title='bbox 306 1674 446 1710; x_wconf 82' lang='lat' dir='ltr'>resistere</span> <span class='ocrx_word' id='word_1_181' title='bbox 466 1674 496 1708; x_wconf 88' lang='lat' dir='ltr'>ei</span> <span class='ocrx_word' id='word_1_182' title='bbox 515 1686 550 1708; x_wconf 86' lang='lat' dir='ltr'>ac</span> <span class='ocrx_word' id='word_1_183' title='bbox 567 1675 738 1722; x_wconf 87' lang='lat' dir='ltr'>praeualere</span> <span class='ocrx_word' id='word_1_184' title='bbox 759 1674 928 1722; x_wconf 79' lang='lat' dir='ltr'>possimus,</span> 
     </span>
     <span class='ocr_line' id='line_1_33' title="bbox 143 1723 928 1770; baseline 0.001 -10"><span class='ocrx_word' id='word_1_185' title='bbox 143 1736 305 1760; x_wconf 86' lang='lat' dir='ltr'>monente</span> <span class='ocrx_word' id='word_1_186' title='bbox 322 1723 506 1770; x_wconf 79' lang='lat' dir='ltr'>Apostolo:</span> <span class='ocrx_word' id='word_1_187' title='bbox 527 1725 648 1770; x_wconf 87' lang='lat' dir='ltr'>Spiritu</span> <span class='ocrx_word' id='word_1_188' title='bbox 678 1723 846 1759; x_wconf 87' lang='lat' dir='ltr'>ambulate</span> <span class='ocrx_word' id='word_1_189' title='bbox 866 1749 876 1764; x_wconf 89' lang='lat'>‚</span> <span class='ocrx_word' id='word_1_190' title='bbox 895 1730 928 1761; x_wconf 89' lang='lat'>&amp;</span> 
     </span>
     <span class='ocr_line' id='line_1_34' title="bbox 142 1771 927 1820; baseline 0.001 -13"><span class='ocrx_word' id='word_1_191' title='bbox 142 1772 301 1807; x_wconf 85' lang='lat' dir='ltr'>desideria</span> <span class='ocrx_word' id='word_1_192' title='bbox 324 1772 428 1806; x_wconf 83' lang='lat' dir='ltr'>carnis</span> <span class='ocrx_word' id='word_1_193' title='bbox 447 1783 517 1806; x_wconf 90' lang='lat' dir='ltr'>non</span> <span class='ocrx_word' id='word_1_194' title='bbox 539 1771 728 1820; x_wconf 52' lang='lat' dir='ltr'>perficietis</span> <span class='ocrx_word' id='word_1_195' title='bbox 757 1774 927 1808; x_wconf 71' lang='lat' dir='ltr'>Hactenus</span> 
     </span>
    </p>
   </div>
   <div class='ocr_carea' id='block_1_4' title="bbox 143 1819 380 1872">
    <p class='ocr_par' dir='ltr' id='par_1_6' title="bbox 143 1819 380 1872">
     <span class='ocr_line' id='line_1_35' title="bbox 143 1819 380 1872; baseline -0.004 -16"><span class='ocrx_word' id='word_1_196' title='bbox 143 1821 185 1857; x_wconf 92' lang='lat' dir='ltr'>de</span> <span class='ocrx_word' id='word_1_197' title='bbox 196 1819 380 1872; x_wconf 71' lang='lat' dir='ltr'>Baptisriio.</span> 
     </span>
    </p>
   </div>
   <div class='ocr_carea' id='block_1_5' title="bbox 375 1915 688 1961">
    <p class='ocr_par' dir='ltr' id='par_1_7' title="bbox 375 1915 688 1961">
     <span class='ocr_line' id='line_1_36' title="bbox 375 1915 688 1961; baseline 0.006 -11"><span class='ocrx_word' id='word_1_198' title='bbox 375 1921 434 1953; x_wconf 81' lang='lat' dir='ltr'>De</span> <span class='ocrx_word' id='word_1_199' title='bbox 451 1915 688 1961; x_wconf 80' lang='lat' dir='ltr'>Confirmatione.</span> 
     </span>
    </p>
   </div>
   <div class='ocr_carea' id='block_1_6' title="bbox 136 2012 922 3327">
    <p class='ocr_par' dir='ltr' id='par_1_8' title="bbox 136 2012 922 3327">
     <span class='ocr_line' id='line_1_37' title="bbox 190 2012 922 2062; baseline -0.003 -12"><span class='ocrx_word' id='word_1_200' title='bbox 190 2016 303 2062; x_wconf 71' lang='lat' dir='ltr'>Atque</span> <span class='ocrx_word' id='word_1_201' title='bbox 312 2025 347 2049; x_wconf 87' lang='lat' dir='ltr'>vt</span> <span class='ocrx_word' id='word_1_202' title='bbox 359 2012 491 2048; x_wconf 89' lang='lat' dir='ltr'>homini</span> <span class='ocrx_word' id='word_1_203' title='bbox 512 2012 550 2048; x_wconf 91' lang='lat' dir='ltr'>ad</span> <span class='ocrx_word' id='word_1_204' title='bbox 566 2013 668 2048; x_wconf 86' lang='lat' dir='ltr'>vitam</span> <span class='ocrx_word' id='word_1_205' title='bbox 680 2014 830 2061; x_wconf 89' lang='lat' dir='ltr'>corporis</span> <span class='ocrx_word' id='word_1_206' title='bbox 851 2026 922 2048; x_wconf 89' lang='lat' dir='ltr'>nori</span> 
     </span>
     <span class='ocr_line' id='line_1_38' title="bbox 141 2061 922 2103; baseline -0.003 -5"><span class='ocrx_word' id='word_1_207' title='bbox 141 2061 248 2103; x_wconf 74' lang='lat' dir='ltr'>solum</span> <span class='ocrx_word' id='word_1_208' title='bbox 257 2061 378 2098; x_wconf 81' lang='lat' dir='ltr'>necesse</span> <span class='ocrx_word' id='word_1_209' title='bbox 388 2062 433 2097; x_wconf 87' lang='lat' dir='ltr'>est</span> <span class='ocrx_word' id='word_1_210' title='bbox 445 2073 480 2097; x_wconf 92' lang='lat' dir='ltr'>vt</span> <span class='ocrx_word' id='word_1_211' title='bbox 490 2061 633 2096; x_wconf 86' lang='lat' dir='ltr'>nascatur</span> <span class='ocrx_word' id='word_1_212' title='bbox 641 2075 677 2096; x_wconf 88' lang='lat' dir='ltr'>ac</span> <span class='ocrx_word' id='word_1_213' title='bbox 690 2062 727 2097; x_wconf 88' lang='lat' dir='ltr'>sit</span> <span class='ocrx_word' id='word_1_214' title='bbox 737 2086 747 2102; x_wconf 91' lang='lat'>,</span> <span class='ocrx_word' id='word_1_215' title='bbox 760 2062 811 2097; x_wconf 88' lang='lat' dir='ltr'>sed</span> <span class='ocrx_word' id='word_1_216' title='bbox 825 2064 922 2097; x_wconf 84' lang='lat' dir='ltr'>etiam</span> 
     </span>
     <span class='ocr_line' id='line_1_39' title="bbox 141 2110 921 2158; baseline -0.001 -12"><span class='ocrx_word' id='word_1_217' title='bbox 141 2122 179 2146; x_wconf 79' lang='lat' dir='ltr'>vt</span> <span class='ocrx_word' id='word_1_218' title='bbox 189 2110 306 2146; x_wconf 86' lang='lat' dir='ltr'>crescat</span> <span class='ocrx_word' id='word_1_219' title='bbox 315 2121 414 2158; x_wconf 90' lang='lat' dir='ltr'>atque</span> <span class='ocrx_word' id='word_1_220' title='bbox 428 2112 573 2146; x_wconf 88' lang='lat' dir='ltr'>nutiatur</span> <span class='ocrx_word' id='word_1_221' title='bbox 585 2134 595 2151; x_wconf 94' lang='lat'>,</span> <span class='ocrx_word' id='word_1_222' title='bbox 614 2111 658 2145; x_wconf 82' lang='lat' dir='ltr'>ita</span> <span class='ocrx_word' id='word_1_223' title='bbox 670 2111 777 2146; x_wconf 85' lang='lat' dir='ltr'>cidem</span> <span class='ocrx_word' id='word_1_224' title='bbox 787 2112 825 2145; x_wconf 91' lang='lat' dir='ltr'>ad</span> <span class='ocrx_word' id='word_1_225' title='bbox 838 2111 921 2146; x_wconf 86' lang='lat' dir='ltr'>salu-</span> 
     </span>
     <span class='ocr_line' id='line_1_40' title="bbox 140 2158 919 2207; baseline 0 -13"><span class='ocrx_word' id='word_1_226' title='bbox 140 2171 211 2195; x_wconf 86' lang='lat' dir='ltr'>tem</span> <span class='ocrx_word' id='word_1_227' title='bbox 221 2172 288 2194; x_wconf 87' lang='lat' dir='ltr'>non</span> <span class='ocrx_word' id='word_1_228' title='bbox 300 2159 404 2194; x_wconf 69' lang='lat' dir='ltr'>solum</span> <span class='ocrx_word' id='word_1_229' title='bbox 415 2158 537 2194; x_wconf 81' lang='lat' dir='ltr'>necesse</span> <span class='ocrx_word' id='word_1_230' title='bbox 548 2158 593 2193; x_wconf 90' lang='lat' dir='ltr'>est</span> <span class='ocrx_word' id='word_1_231' title='bbox 606 2159 919 2207; x_wconf 57' lang='lat' dir='ltr'>regenerariwersnn</span> 
     </span>
     <span class='ocr_line' id='line_1_41' title="bbox 141 2207 921 2255; baseline 0 -13"><span class='ocrx_word' id='word_1_232' title='bbox 141 2210 241 2243; x_wconf 88' lang='lat' dir='ltr'>etiarn</span> <span class='ocrx_word' id='word_1_233' title='bbox 256 2208 289 2242; x_wconf 88' lang='lat' dir='ltr'>in</span> <span class='ocrx_word' id='word_1_234' title='bbox 302 2207 394 2241; x_wconf 90' lang='lat' dir='ltr'>bono</span> <span class='ocrx_word' id='word_1_235' title='bbox 406 2207 591 2242; x_wconf 81' lang='lat' dir='ltr'>confirmari</span> <span class='ocrx_word' id='word_1_236' title='bbox 610 2231 620 2247; x_wconf 93' lang='lat'>‚</span> <span class='ocrx_word' id='word_1_237' title='bbox 639 2213 678 2244; x_wconf 76' lang='lat'>&amp;¹</span> <span class='ocrx_word' id='word_1_238' title='bbox 690 2221 746 2255; x_wconf 89' lang='lat' dir='ltr'>per</span> <span class='ocrx_word' id='word_1_239' title='bbox 765 2210 921 2243; x_wconf 87' lang='lat' dir='ltr'>virtutem</span> 
     </span>
     <span class='ocr_line' id='line_1_42' title="bbox 141 2255 917 2304; baseline 0 -12"><span class='ocrx_word' id='word_1_240' title='bbox 141 2257 283 2304; x_wconf 85' lang='lat' dir='ltr'>Spiritus</span> <span class='ocrx_word' id='word_1_241' title='bbox 292 2255 393 2290; x_wconf 61' lang='lat' dir='ltr'>sanffiti</span> <span class='ocrx_word' id='word_1_242' title='bbox 403 2256 529 2303; x_wconf 81' lang='lat' dir='ltr'>augeri:</span> <span class='ocrx_word' id='word_1_243' title='bbox 546 2257 580 2289; x_wconf 88' lang='lat' dir='ltr'>in</span> <span class='ocrx_word' id='word_1_244' title='bbox 597 2269 695 2302; x_wconf 81' lang='lat' dir='ltr'>quam</span> <span class='ocrx_word' id='word_1_245' title='bbox 707 2269 774 2291; x_wconf 85' lang='lat' dir='ltr'>rem</span> <span class='ocrx_word' id='word_1_246' title='bbox 788 2257 917 2292; x_wconf 87' lang='lat' dir='ltr'>institu-</span> 
     </span>
     <span class='ocr_line' id='line_1_43' title="bbox 139 2303 919 2353; baseline -0.001 -12"><span class='ocrx_word' id='word_1_247' title='bbox 139 2318 210 2342; x_wconf 88' lang='lat' dir='ltr'>tum</span> <span class='ocrx_word' id='word_1_248' title='bbox 225 2304 270 2339; x_wconf 85' lang='lat' dir='ltr'>est</span> <span class='ocrx_word' id='word_1_249' title='bbox 281 2307 523 2339; x_wconf 73' lang='lat' dir='ltr'>Sacramentum</span> <span class='ocrx_word' id='word_1_250' title='bbox 535 2303 609 2338; x_wconf 70' lang='lat' dir='ltr'>cum</span> <span class='ocrx_word' id='word_1_251' title='bbox 622 2306 735 2350; x_wconf 87' lang='lat' dir='ltr'>primis</span> <span class='ocrx_word' id='word_1_252' title='bbox 748 2306 840 2346; x_wconf 89' lang='lat' dir='ltr'>vtile,</span> <span class='ocrx_word' id='word_1_253' title='bbox 854 2305 919 2353; x_wconf 86' lang='lat' dir='ltr'>ipsa</span> 
     </span>
     <span class='ocr_line' id='line_1_44' title="bbox 139 2351 919 2399; baseline 0 -10"><span class='ocrx_word' id='word_1_254' title='bbox 139 2355 298 2390; x_wconf 88' lang='lat' dir='ltr'>nimirum</span> <span class='ocrx_word' id='word_1_255' title='bbox 318 2351 542 2387; x_wconf 79' lang='lat' dir='ltr'>Confirmatio</span> <span class='ocrx_word' id='word_1_256' title='bbox 562 2373 573 2390; x_wconf 91' lang='lat'>,</span> <span class='ocrx_word' id='word_1_257' title='bbox 600 2365 697 2399; x_wconf 89' lang='lat' dir='ltr'>quam</span> <span class='ocrx_word' id='word_1_258' title='bbox 715 2353 919 2389; x_wconf 84' lang='lat' dir='ltr'>celebrarunt</span> 
     </span>
     <span class='ocr_line' id='line_1_45' title="bbox 138 2400 918 2450; baseline 0.003 -14"><span class='ocrx_word' id='word_1_259' title='bbox 138 2402 309 2450; x_wconf 84' lang='lat' dir='ltr'>Apostoli,</span> <span class='ocrx_word' id='word_1_260' title='bbox 322 2401 395 2435; x_wconf 65' lang='lat' dir='ltr'>esim</span> <span class='ocrx_word' id='word_1_261' title='bbox 409 2400 614 2435; x_wconf 85' lang='lat' dir='ltr'>Samaritanis</span> <span class='ocrx_word' id='word_1_262' title='bbox 626 2402 834 2447; x_wconf 86' lang='lat' dir='ltr'>imponerent</span> <span class='ocrx_word' id='word_1_263' title='bbox 847 2416 918 2437; x_wconf 83' lang='lat' dir='ltr'>ma-</span> 
     </span>
     <span class='ocr_line' id='line_1_46' title="bbox 139 2445 918 2490; baseline -0.003 -4"><span class='ocrx_word' id='word_1_264' title='bbox 139 2463 203 2486; x_wconf 84' lang='lat' dir='ltr'>nus</span> <span class='ocrx_word' id='word_1_265' title='bbox 214 2474 224 2490; x_wconf 79' lang='lat'><strong>‚</strong></span> <span class='ocrx_word' id='word_1_266' title='bbox 242 2463 315 2485; x_wconf 85' lang='lat' dir='ltr'>curn</span> <span class='ocrx_word' id='word_1_267' title='bbox 330 2451 400 2483; x_wconf 89' lang='lat' dir='ltr'>vtili</span> <span class='ocrx_word' id='word_1_268' title='bbox 413 2445 509 2482; x_wconf 79' lang='lat' dir='ltr'>lsuius</span> <span class='ocrx_word' id='word_1_269' title='bbox 527 2446 667 2482; x_wconf 83' lang='lat' dir='ltr'>efficacia</span> <span class='ocrx_word' id='word_1_270' title='bbox 678 2472 686 2488; x_wconf 86' lang='lat'>‚</span> <span class='ocrx_word' id='word_1_271' title='bbox 701 2461 734 2484; x_wconf 84' lang='lat' dir='ltr'>Vt</span> <span class='ocrx_word' id='word_1_272' title='bbox 748 2450 781 2482; x_wconf 92' lang='lat' dir='ltr'>in</span> <span class='ocrx_word' id='word_1_273' title='bbox 793 2451 918 2485; x_wconf 48' lang='lat' dir='ltr'>astibus</span> 
     </span>
     <span class='ocr_line' id='line_1_47' title="bbox 139 2497 918 2547; baseline -0.005 -11"><span class='ocrx_word' id='word_1_274' title='bbox 139 2499 382 2547; x_wconf 82' lang='lat' dir='ltr'>Apostolorum</span> <span class='ocrx_word' id='word_1_275' title='bbox 396 2497 548 2544; x_wconf 83' lang='lat' dir='ltr'>scriptum</span> <span class='ocrx_word' id='word_1_276' title='bbox 559 2497 613 2532; x_wconf 88' lang='lat' dir='ltr'>est:</span> <span class='ocrx_word' id='word_1_277' title='bbox 631 2502 660 2533; x_wconf 68' lang='grc' dir='ltr'>δι</span> <span class='ocrx_word' id='word_1_278' title='bbox 675 2497 764 2544; x_wconf 73' lang='lat' dir='ltr'>quod</span> <span class='ocrx_word' id='word_1_279' title='bbox 776 2497 829 2532; x_wconf 69' lang='lat' dir='ltr'>hic</span> <span class='ocrx_word' id='word_1_280' title='bbox 840 2512 918 2547; x_wconf 85' lang='lat' dir='ltr'>ege-</span> 
     </span>
     <span class='ocr_line' id='line_1_48' title="bbox 139 2545 919 2595; baseline -0.004 -13"><span class='ocrx_word' id='word_1_281' title='bbox 139 2560 217 2584; x_wconf 79' lang='lat' dir='ltr'>runt</span> <span class='ocrx_word' id='word_1_282' title='bbox 227 2546 380 2595; x_wconf 86' lang='lat' dir='ltr'>Apostoli</span> <span class='ocrx_word' id='word_1_283' title='bbox 392 2545 515 2581; x_wconf 78' lang='lat' dir='ltr'>Christi</span> <span class='ocrx_word' id='word_1_284' title='bbox 526 2546 662 2580; x_wconf 85' lang='lat' dir='ltr'>nomine</span> <span class='ocrx_word' id='word_1_285' title='bbox 672 2548 828 2580; x_wconf 74' lang='lat' dir='ltr'>iecerunt:</span> <span class='ocrx_word' id='word_1_286' title='bbox 841 2552 872 2583; x_wconf 88' lang='lat'>&amp;</span> <span class='ocrx_word' id='word_1_287' title='bbox 885 2550 919 2583; x_wconf 85' lang='lat' dir='ltr'>in</span> 
     </span>
     <span class='ocr_line' id='line_1_49' title="bbox 138 2594 919 2645; baseline -0.003 -13"><span class='ocrx_word' id='word_1_288' title='bbox 138 2596 295 2645; x_wconf 81' lang='lat' dir='ltr'>mysterio</span> <span class='ocrx_word' id='word_1_289' title='bbox 306 2595 370 2630; x_wconf 79' lang='lat' dir='ltr'>hoc</span> <span class='ocrx_word' id='word_1_290' title='bbox 383 2594 585 2632; x_wconf 84' lang='lat' dir='ltr'>inducendo,</span> <span class='ocrx_word' id='word_1_291' title='bbox 596 2606 664 2628; x_wconf 88' lang='lat' dir='ltr'>non</span> <span class='ocrx_word' id='word_1_292' title='bbox 677 2595 872 2641; x_wconf 56' lang='lat' dir='ltr'>aliterquim</span> <span class='ocrx_word' id='word_1_293' title='bbox 885 2597 919 2630; x_wconf 92' lang='lat' dir='ltr'>in</span> 
     </span>
     <span class='ocr_line' id='line_1_50' title="bbox 138 2641 920 2727; baseline -0.001 -46"><span class='ocrx_word' id='word_1_294' title='bbox 138 2648 209 2681; x_wconf 82' lang='lat' dir='ltr'>aliis</span> <span class='ocrx_word' id='word_1_295' title='bbox 221 2642 364 2693; x_wconf 78' lang='lat' dir='ltr'>partibus</span> <span class='ocrx_word' id='word_1_296' title='bbox 376 2644 519 2677; x_wconf 89' lang='lat' dir='ltr'>muneris</span> <span class='ocrx_word' id='word_1_297' title='bbox 530 2641 698 2682; x_wconf 84' lang='lat' dir='ltr'>sui,vicem</span> <span class='ocrx_word' id='word_1_298' title='bbox 711 2643 835 2678; x_wconf 90' lang='lat' dir='ltr'>Christi</span> <span class='ocrx_word' id='word_1_299' title='bbox 847 2644 920 2727; x_wconf 53' lang='grc' dir='ltr'>ἱεί-</span> 
     </span>
     <span class='ocr_line' id='line_1_51' title="bbox 136 2692 922 2738; baseline -0.003 -8"><span class='ocrx_word' id='word_1_300' title='bbox 136 2692 845 2738; x_wconf 80' lang='lat' dir='ltr'>sissevidentur.1nnititurautemmysterium</span> <span class='ocrx_word' id='word_1_301' title='bbox 881 2707 922 2728; x_wconf 91' lang='lat' dir='ltr'>oc</span> 
     </span>
     <span class='ocr_line' id='line_1_52' title="bbox 137 2738 920 2792; baseline -0.001 -14"><span class='ocrx_word' id='word_1_302' title='bbox 137 2741 408 2792; x_wconf 71' lang='lat' dir='ltr'>promissionibus</span> <span class='ocrx_word' id='word_1_303' title='bbox 420 2739 544 2776; x_wconf 86' lang='lat' dir='ltr'>Christi</span> <span class='ocrx_word' id='word_1_304' title='bbox 555 2738 708 2788; x_wconf 59' lang='lat' dir='ltr'>de‘gratia</span> <span class='ocrx_word' id='word_1_305' title='bbox 719 2742 856 2787; x_wconf 88' lang='lat' dir='ltr'>Spiritus</span> <span class='ocrx_word' id='word_1_306' title='bbox 868 2742 920 2777; x_wconf 87' lang='lat' dir='ltr'>san</span> 
     </span>
     <span class='ocr_line' id='line_1_53' title="bbox 137 2788 918 2838; baseline -0.001 -11"><span class='ocrx_word' id='word_1_307' title='bbox 137 2790 360 2838; x_wconf 55' lang='lat' dir='ltr'>&amp;hhuiiffque</span> <span class='ocrx_word' id='word_1_308' title='bbox 375 2788 537 2825; x_wconf 86' lang='lat' dir='ltr'>miffione:</span> <span class='ocrx_word' id='word_1_309' title='bbox 549 2790 624 2838; x_wconf 87' lang='lat' dir='ltr'>Ego</span> <span class='ocrx_word' id='word_1_310' title='bbox 637 2790 766 2824; x_wconf 89' lang='lat' dir='ltr'>mittam</span> <span class='ocrx_word' id='word_1_311' title='bbox 778 2791 918 2837; x_wconf 88' lang='lat' dir='ltr'>promis-</span> 
     </span>
     <span class='ocr_line' id='line_1_54' title="bbox 136 2839 919 2877; baseline -0.003 -1"><span class='ocrx_word' id='word_1_312' title='bbox 136 2841 261 2877; x_wconf 89' lang='lat' dir='ltr'>sionem</span> <span class='ocrx_word' id='word_1_313' title='bbox 271 2842 373 2874; x_wconf 84' lang='lat' dir='ltr'>Patris</span> <span class='ocrx_word' id='word_1_314' title='bbox 384 2840 449 2873; x_wconf 88' lang='lat' dir='ltr'>mei</span> <span class='ocrx_word' id='word_1_315' title='bbox 460 2839 493 2872; x_wconf 87' lang='lat' dir='ltr'>in</span> <span class='ocrx_word' id='word_1_316' title='bbox 508 2850 581 2873; x_wconf 92' lang='lat' dir='ltr'>vos.</span> <span class='ocrx_word' id='word_1_317' title='bbox 606 2841 693 2873; x_wconf 88' lang='lat' dir='ltr'>Item</span> <span class='ocrx_word' id='word_1_318' title='bbox 711 2851 720 2872; x_wconf 77' lang='lat' dir='ltr'>t</span> <span class='ocrx_word' id='word_1_319' title='bbox 737 2841 919 2874; x_wconf 87' lang='lat' dir='ltr'>Paracletus</span> 
     </span>
     <span class='ocr_line' id='line_1_55' title="bbox 137 2887 918 2936; baseline -0.003 -11"><span class='ocrx_word' id='word_1_320' title='bbox 137 2901 246 2925; x_wconf 81' lang='lat' dir='ltr'>autem</span> <span class='ocrx_word' id='word_1_321' title='bbox 268 2890 406 2936; x_wconf 84' lang='lat' dir='ltr'>Spiritus</span> <span class='ocrx_word' id='word_1_322' title='bbox 415 2910 426 2926; x_wconf 91' lang='lat'>,</span> <span class='ocrx_word' id='word_1_323' title='bbox 449 2899 546 2934; x_wconf 87' lang='lat' dir='ltr'>quem</span> <span class='ocrx_word' id='word_1_324' title='bbox 559 2887 669 2922; x_wconf 89' lang='lat' dir='ltr'>mittet</span> <span class='ocrx_word' id='word_1_325' title='bbox 688 2890 782 2922; x_wconf 89' lang='lat' dir='ltr'>Pater</span> <span class='ocrx_word' id='word_1_326' title='bbox 799 2888 832 2923; x_wconf 90' lang='lat' dir='ltr'>in</span> <span class='ocrx_word' id='word_1_327' title='bbox 855 2901 918 2923; x_wconf 92' lang='lat' dir='ltr'>no-</span> 
     </span>
     <span class='ocr_line' id='line_1_56' title="bbox 137 2935 918 2984; baseline -0.004 -10"><span class='ocrx_word' id='word_1_328' title='bbox 137 2941 230 2974; x_wconf 85' lang='lat' dir='ltr'>mine</span> <span class='ocrx_word' id='word_1_329' title='bbox 242 2951 331 2977; x_wconf 86' lang='lat' dir='ltr'>meo,</span> <span class='ocrx_word' id='word_1_330' title='bbox 341 2938 397 2971; x_wconf 85' lang='lat' dir='ltr'>ille</span> <span class='ocrx_word' id='word_1_331' title='bbox 407 2935 541 2970; x_wconf 87' lang='lat' dir='ltr'>docebit</span> <span class='ocrx_word' id='word_1_332' title='bbox 552 2947 611 2968; x_wconf 92' lang='lat' dir='ltr'>vos</span> <span class='ocrx_word' id='word_1_333' title='bbox 620 2936 744 2970; x_wconf 89' lang='lat' dir='ltr'>omnia.</span> <span class='ocrx_word' id='word_1_334' title='bbox 757 2937 802 2971; x_wconf 88' lang='lat' dir='ltr'>Et</span> <span class='ocrx_word' id='word_1_335' title='bbox 812 2949 918 2984; x_wconf 88' lang='lat' dir='ltr'>quan-</span> 
     </span>
     <span class='ocr_line' id='line_1_57' title="bbox 139 2983 917 3034; baseline -0.001 -12"><span class='ocrx_word' id='word_1_336' title='bbox 139 2999 238 3034; x_wconf 82' lang='lat' dir='ltr'>quam</span> <span class='ocrx_word' id='word_1_337' title='bbox 258 2989 505 3022; x_wconf 82' lang='lat' dir='ltr'>Sacramentum</span> <span class='ocrx_word' id='word_1_338' title='bbox 524 2983 802 3019; x_wconf 84' lang='lat' dir='ltr'>Confirtnationis</span> <span class='ocrx_word' id='word_1_339' title='bbox 819 2986 917 3021; x_wconf 90' lang='lat' dir='ltr'>initio</span> 
     </span>
     <span class='ocr_line' id='line_1_58' title="bbox 138 3031 917 3083; baseline 0 -13"><span class='ocrx_word' id='word_1_340' title='bbox 138 3034 354 3083; x_wconf 75' lang='lat' dir='ltr'>impositione</span> <span class='ocrx_word' id='word_1_341' title='bbox 378 3046 533 3068; x_wconf 86' lang='lat' dir='ltr'>manuum</span> <span class='ocrx_word' id='word_1_342' title='bbox 558 3031 688 3066; x_wconf 72' lang='lat' dir='ltr'>tanturn</span> <span class='ocrx_word' id='word_1_343' title='bbox 717 3033 917 3070; x_wconf 83' lang='lat' dir='ltr'>celebratum</span> 
     </span>
     <span class='ocr_line' id='line_1_59' title="bbox 137 3079 918 3130; baseline 0 -11"><span class='ocrx_word' id='word_1_344' title='bbox 137 3083 200 3119; x_wconf 81' lang='lat' dir='ltr'>fuit</span> <span class='ocrx_word' id='word_1_345' title='bbox 209 3107 218 3122; x_wconf 89' lang='lat'>‚</span> <span class='ocrx_word' id='word_1_346' title='bbox 230 3095 339 3119; x_wconf 89' lang='lat' dir='ltr'>tamen</span> <span class='ocrx_word' id='word_1_347' title='bbox 350 3082 494 3126; x_wconf 76' lang='lat' dir='ltr'>Ecclesia</span> <span class='ocrx_word' id='word_1_348' title='bbox 506 3079 561 3115; x_wconf 91' lang='lat' dir='ltr'>sub</span> <span class='ocrx_word' id='word_1_349' title='bbox 574 3082 639 3115; x_wconf 82' lang='lat' dir='ltr'>istis</span> <span class='ocrx_word' id='word_1_350' title='bbox 650 3082 753 3116; x_wconf 81' lang='lat' dir='ltr'>statim</span> <span class='ocrx_word' id='word_1_351' title='bbox 767 3083 918 3130; x_wconf 81' lang='lat' dir='ltr'>Aposto-</span> 
     </span>
     <span class='ocr_line' id='line_1_60' title="bbox 136 3129 917 3180; baseline 0 -13"><span class='ocrx_word' id='word_1_352' title='bbox 136 3133 244 3167; x_wconf 72' lang='lat' dir='ltr'>lotum</span> <span class='ocrx_word' id='word_1_353' title='bbox 253 3131 464 3180; x_wconf 85' lang='lat' dir='ltr'>temporibus</span> <span class='ocrx_word' id='word_1_354' title='bbox 478 3144 514 3164; x_wconf 86' lang='lat' dir='ltr'>ex</span> <span class='ocrx_word' id='word_1_355' title='bbox 526 3129 706 3164; x_wconf 83' lang='lat' dir='ltr'>eorundem</span> <span class='ocrx_word' id='word_1_356' title='bbox 724 3132 917 3174; x_wconf 86' lang='lat' dir='ltr'>traditione,</span> 
     </span>
     <span class='ocr_line' id='line_1_61' title="bbox 137 3179 918 3229; baseline 0.003 -15"><span class='ocrx_word' id='word_1_357' title='bbox 137 3191 175 3215; x_wconf 83' lang='lat' dir='ltr'>vt</span> <span class='ocrx_word' id='word_1_358' title='bbox 185 3193 317 3217; x_wconf 84' lang='lat' dir='ltr'>externo</span> <span class='ocrx_word' id='word_1_359' title='bbox 325 3180 418 3229; x_wconf 86' lang='lat' dir='ltr'>signo</span> <span class='ocrx_word' id='word_1_360' title='bbox 427 3181 588 3214; x_wconf 82' lang='lat' dir='ltr'>internam</span> <span class='ocrx_word' id='word_1_361' title='bbox 597 3179 734 3225; x_wconf 87' lang='lat' dir='ltr'>Spiritus</span> <span class='ocrx_word' id='word_1_362' title='bbox 746 3180 844 3215; x_wconf 71' lang='lat' dir='ltr'>sanffi</span> <span class='ocrx_word' id='word_1_363' title='bbox 854 3194 918 3216; x_wconf 92' lang='lat' dir='ltr'>vn-</span> 
     </span>
     <span class='ocr_line' id='line_1_62' title="bbox 138 3227 919 3278; baseline 0.003 -15"><span class='ocrx_word' id='word_1_364' title='bbox 138 3229 285 3265; x_wconf 66' lang='lat' dir='ltr'>&amp;ionem</span> <span class='ocrx_word' id='word_1_365' title='bbox 296 3230 488 3278; x_wconf 72' lang='lat' dir='ltr'>designaret,</span> <span class='ocrx_word' id='word_1_366' title='bbox 502 3227 577 3262; x_wconf 84' lang='lat' dir='ltr'>ritui</span> <span class='ocrx_word' id='word_1_367' title='bbox 591 3229 657 3262; x_wconf 90' lang='lat' dir='ltr'>eius</span> <span class='ocrx_word' id='word_1_368' title='bbox 667 3227 816 3264; x_wconf 88' lang='lat' dir='ltr'>adhibuit</span> <span class='ocrx_word' id='word_1_369' title='bbox 829 3229 919 3265; x_wconf 87' lang='lat' dir='ltr'>chri-</span> 
     </span>
     <span class='ocr_line' id='line_1_63' title="bbox 139 3274 916 3327; baseline 0.005 -15"><span class='ocrx_word' id='word_1_370' title='bbox 139 3276 226 3319; x_wconf 83' lang='lat' dir='ltr'>sma,</span> <span class='ocrx_word' id='word_1_371' title='bbox 243 3290 319 3315; x_wconf 88' lang='lat' dir='ltr'>eum</span> <span class='ocrx_word' id='word_1_372' title='bbox 336 3275 548 3327; x_wconf 72' lang='lat' dir='ltr'>impressione</span> <span class='ocrx_word' id='word_1_373' title='bbox 567 3275 651 3326; x_wconf 84' lang='lat' dir='ltr'>signi</span> <span class='ocrx_word' id='word_1_374' title='bbox 670 3274 783 3313; x_wconf 67' lang='lat' dir='ltr'>sanetae</span> <span class='ocrx_word' id='word_1_375' title='bbox 801 3280 916 3316; x_wconf 82' lang='lat' dir='ltr'>crucis:</span> 
     </span>
    </p>
   </div>
   <div class='ocr_carea' id='block_1_7' title="bbox 972 224 1773 1966">
    <p class='ocr_par' dir='ltr' id='par_1_9' title="bbox 983 224 1773 898">
     <span class='ocr_line' id='line_1_64' title="bbox 1724 224 1773 258; baseline 0 0"><span class='ocrx_word' id='word_1_376' title='bbox 1724 224 1773 258; x_wconf 77' lang='lat'>353</span> 
     </span>
     <span class='ocr_line' id='line_1_65' title="bbox 992 267 1773 316; baseline 0.012 -18"><span class='ocrx_word' id='word_1_377' title='bbox 992 276 1088 310; x_wconf 83' lang='lat' dir='ltr'>quem</span> <span class='ocrx_word' id='word_1_378' title='bbox 1100 278 1227 301; x_wconf 87' lang='lat' dir='ltr'>morem</span> <span class='ocrx_word' id='word_1_379' title='bbox 1239 290 1248 307; x_wconf 89' lang='lat'>,</span> <span class='ocrx_word' id='word_1_380' title='bbox 1263 267 1406 316; x_wconf 66' lang='lat' dir='ltr'>cumque</span> <span class='ocrx_word' id='word_1_381' title='bbox 1422 268 1644 316; x_wconf 84' lang='lat' dir='ltr'>peruetustum</span> <span class='ocrx_word' id='word_1_382' title='bbox 1655 271 1773 307; x_wconf 81' lang='lat' dir='ltr'>Eccle-</span> 
     </span>
     <span class='ocr_line' id='line_1_66' title="bbox 991 312 1771 363; baseline 0.014 -18"><span class='ocrx_word' id='word_1_383' title='bbox 991 312 1033 346; x_wconf 90' lang='lat' dir='ltr'>sia</span> <span class='ocrx_word' id='word_1_384' title='bbox 1044 312 1201 349; x_wconf 89' lang='lat' dir='ltr'>catholica</span> <span class='ocrx_word' id='word_1_385' title='bbox 1210 317 1393 363; x_wconf 77' lang='lat' dir='ltr'>approbare</span> <span class='ocrx_word' id='word_1_386' title='bbox 1405 331 1473 352; x_wconf 92' lang='lat' dir='ltr'>non</span> <span class='ocrx_word' id='word_1_387' title='bbox 1485 318 1614 354; x_wconf 78' lang='lat' dir='ltr'>desinit.</span> <span class='ocrx_word' id='word_1_388' title='bbox 1638 320 1680 354; x_wconf 79' lang='lat' dir='ltr'>Et</span> <span class='ocrx_word' id='word_1_389' title='bbox 1701 334 1771 355; x_wconf 89' lang='lat' dir='ltr'>cre-</span> 
     </span>
     <span class='ocr_line' id='line_1_67' title="bbox 991 362 1772 415; baseline 0.012 -21"><span class='ocrx_word' id='word_1_390' title='bbox 991 362 1041 396; x_wconf 91' lang='lat' dir='ltr'>dit</span> <span class='ocrx_word' id='word_1_391' title='bbox 1052 385 1062 400; x_wconf 88' lang='lat'>,</span> <span class='ocrx_word' id='word_1_392' title='bbox 1075 373 1158 408; x_wconf 89' lang='lat' dir='ltr'>quos</span> <span class='ocrx_word' id='word_1_393' title='bbox 1172 362 1309 398; x_wconf 76' lang='lat' dir='ltr'>faimilos</span> <span class='ocrx_word' id='word_1_394' title='bbox 1321 365 1391 400; x_wconf 89' lang='lat' dir='ltr'>suos</span> <span class='ocrx_word' id='word_1_395' title='bbox 1404 369 1495 401; x_wconf 86' lang='lat' dir='ltr'>Deus</span> <span class='ocrx_word' id='word_1_396' title='bbox 1517 371 1721 415; x_wconf 80' lang='lat' dir='ltr'>regenerauit</span> <span class='ocrx_word' id='word_1_397' title='bbox 1735 383 1772 403; x_wconf 86' lang='lat' dir='ltr'>cx</span> 
     </span>
     <span class='ocr_line' id='line_1_68' title="bbox 989 413 1772 463; baseline 0.013 -20"><span class='ocrx_word' id='word_1_398' title='bbox 989 422 1070 457; x_wconf 85' lang='lat' dir='ltr'>aqua</span> <span class='ocrx_word' id='word_1_399' title='bbox 1082 416 1113 446; x_wconf 69' lang='grc' dir='ltr'>δε</span> <span class='ocrx_word' id='word_1_400' title='bbox 1124 413 1258 457; x_wconf 82' lang='lat' dir='ltr'>Spiritu,</span> <span class='ocrx_word' id='word_1_401' title='bbox 1271 415 1400 449; x_wconf 85' lang='lat' dir='ltr'>eosdem</span> <span class='ocrx_word' id='word_1_402' title='bbox 1413 416 1476 450; x_wconf 88' lang='lat' dir='ltr'>hoc</span> <span class='ocrx_word' id='word_1_403' title='bbox 1489 419 1641 463; x_wconf 75' lang='lat' dir='ltr'>mysterio</span> <span class='ocrx_word' id='word_1_404' title='bbox 1653 418 1695 452; x_wconf 85' lang='lat' dir='ltr'>ita</span> <span class='ocrx_word' id='word_1_405' title='bbox 1710 420 1772 452; x_wconf 76' lang='grc' dir='ltr'>(ὀ-</span> 
     </span>
     <span class='ocr_line' id='line_1_69' title="bbox 989 457 1772 512; baseline 0.013 -21"><span class='ocrx_word' id='word_1_406' title='bbox 989 457 1107 506; x_wconf 83' lang='lat' dir='ltr'>signari</span> <span class='ocrx_word' id='word_1_407' title='bbox 1119 483 1128 498; x_wconf 91' lang='lat'><em>‚</em></span> <span class='ocrx_word' id='word_1_408' title='bbox 1151 471 1185 493; x_wconf 91' lang='lat' dir='ltr'>vt</span> <span class='ocrx_word' id='word_1_409' title='bbox 1211 460 1434 507; x_wconf 80' lang='lat' dir='ltr'>septiformem</span> <span class='ocrx_word' id='word_1_410' title='bbox 1454 467 1608 512; x_wconf 84' lang='lat' dir='ltr'>Spiritum</span> <span class='ocrx_word' id='word_1_411' title='bbox 1629 464 1772 501; x_wconf 68' lang='lat' dir='ltr'>sanetum</span> 
     </span>
     <span class='ocr_line' id='line_1_70' title="bbox 988 508 1771 562; baseline 0.013 -21"><span class='ocrx_word' id='word_1_412' title='bbox 988 509 1186 554; x_wconf 87' lang='lat' dir='ltr'>paracletum</span> <span class='ocrx_word' id='word_1_413' title='bbox 1199 508 1237 542; x_wconf 87' lang='lat' dir='ltr'>de</span> <span class='ocrx_word' id='word_1_414' title='bbox 1246 512 1337 544; x_wconf 78' lang='lat' dir='ltr'>coelis</span> <span class='ocrx_word' id='word_1_415' title='bbox 1348 535 1358 550; x_wconf 88' lang='lat'>‚</span> <span class='ocrx_word' id='word_1_416' title='bbox 1382 513 1538 558; x_wconf 84' lang='lat' dir='ltr'>Spiritum</span> <span class='ocrx_word' id='word_1_417' title='bbox 1558 514 1719 562; x_wconf 55' lang='lat' dir='ltr'>sapientiae</span> <span class='ocrx_word' id='word_1_418' title='bbox 1738 520 1771 551; x_wconf 89' lang='lat'>&amp;</span> 
     </span>
     <span class='ocr_line' id='line_1_71' title="bbox 988 557 1770 607; baseline 0.012 -17"><span class='ocrx_word' id='word_1_419' title='bbox 988 557 1187 595; x_wconf 53' lang='lat' dir='ltr'>intellectus,</span> <span class='ocrx_word' id='word_1_420' title='bbox 1200 558 1355 604; x_wconf 86' lang='lat' dir='ltr'>Spiritum</span> <span class='ocrx_word' id='word_1_421' title='bbox 1371 561 1494 607; x_wconf 63' lang='lat' dir='ltr'>consilii</span> <span class='ocrx_word' id='word_1_422' title='bbox 1506 568 1534 598; x_wconf 84' lang='lat'>&amp;</span> <span class='ocrx_word' id='word_1_423' title='bbox 1549 561 1770 605; x_wconf 79' lang='lat' dir='ltr'>fortitudinis,</span> 
     </span>
     <span class='ocr_line' id='line_1_72' title="bbox 987 603 1769 655; baseline 0.014 -18"><span class='ocrx_word' id='word_1_424' title='bbox 987 605 1143 652; x_wconf 87' lang='lat' dir='ltr'>Spiritum</span> <span class='ocrx_word' id='word_1_425' title='bbox 1154 603 1292 639; x_wconf 72' lang='lat' dir='ltr'>scientia:</span> <span class='ocrx_word' id='word_1_426' title='bbox 1305 613 1335 643; x_wconf 64' lang='grc' dir='ltr'>ὃς</span> <span class='ocrx_word' id='word_1_427' title='bbox 1350 610 1479 655; x_wconf 74' lang='lat' dir='ltr'>pietatis</span> <span class='ocrx_word' id='word_1_428' title='bbox 1491 625 1525 645; x_wconf 85' lang='lat' dir='ltr'>ac</span> <span class='ocrx_word' id='word_1_429' title='bbox 1539 613 1669 646; x_wconf 86' lang='lat' dir='ltr'>timoris</span> <span class='ocrx_word' id='word_1_430' title='bbox 1681 636 1690 652; x_wconf 88' lang='lat'>‚</span> <span class='ocrx_word' id='word_1_431' title='bbox 1714 626 1769 648; x_wconf 60' lang='lat' dir='ltr'>cat-</span> 
     </span>
     <span class='ocr_line' id='line_1_73' title="bbox 986 654 1770 701; baseline 0.013 -15"><span class='ocrx_word' id='word_1_432' title='bbox 986 655 1090 701; x_wconf 77' lang='lat' dir='ltr'>piaut.</span> <span class='ocrx_word' id='word_1_433' title='bbox 1118 655 1198 688; x_wconf 80' lang='lat' dir='ltr'>Haec</span> <span class='ocrx_word' id='word_1_434' title='bbox 1211 654 1285 689; x_wconf 73' lang='lat' dir='ltr'>cum</span> <span class='ocrx_word' id='word_1_435' title='bbox 1299 657 1406 692; x_wconf 84' lang='lat' dir='ltr'>credat</span> <span class='ocrx_word' id='word_1_436' title='bbox 1417 681 1426 696; x_wconf 85' lang='lat'>,</span> <span class='ocrx_word' id='word_1_437' title='bbox 1439 663 1470 693; x_wconf 90' lang='lat'>&amp;</span> <span class='ocrx_word' id='word_1_438' title='bbox 1491 660 1523 693; x_wconf 88' lang='lat' dir='ltr'>in</span> <span class='ocrx_word' id='word_1_439' title='bbox 1547 660 1641 694; x_wconf 82' lang='lat' dir='ltr'>buius</span> <span class='ocrx_word' id='word_1_440' title='bbox 1659 664 1770 696; x_wconf 84' lang='lat' dir='ltr'>Sacra-</span> 
     </span>
     <span class='ocr_line' id='line_1_74' title="bbox 985 703 1770 745; baseline 0.013 -10"><span class='ocrx_word' id='word_1_441' title='bbox 985 703 1090 736; x_wconf 89' lang='lat' dir='ltr'>menti</span> <span class='ocrx_word' id='word_1_442' title='bbox 1107 703 1393 739; x_wconf 83' lang='lat' dir='ltr'>administratione</span> <span class='ocrx_word' id='word_1_443' title='bbox 1421 706 1612 743; x_wconf 82' lang='lat' dir='ltr'>testificetur</span> <span class='ocrx_word' id='word_1_444' title='bbox 1628 709 1770 745; x_wconf 79' lang='lat' dir='ltr'>Ecclesia</span> 
     </span>
     <span class='ocr_line' id='line_1_75' title="bbox 985 749 1770 801; baseline 0.013 -17"><span class='ocrx_word' id='word_1_445' title='bbox 985 749 1145 785; x_wconf 80' lang='lat' dir='ltr'>catholica</span> <span class='ocrx_word' id='word_1_446' title='bbox 1158 775 1167 792; x_wconf 92' lang='lat'>‚</span> <span class='ocrx_word' id='word_1_447' title='bbox 1189 764 1259 798; x_wconf 79' lang='lat' dir='ltr'>quae</span> <span class='ocrx_word' id='word_1_448' title='bbox 1267 752 1312 787; x_wconf 89' lang='lat' dir='ltr'>est</span> <span class='ocrx_word' id='word_1_449' title='bbox 1323 755 1450 801; x_wconf 83' lang='lat' dir='ltr'>optima</span> <span class='ocrx_word' id='word_1_450' title='bbox 1463 756 1688 801; x_wconf 82' lang='lat' dir='ltr'>mysteriorum</span> <span class='ocrx_word' id='word_1_451' title='bbox 1702 760 1770 794; x_wconf 88' lang='lat' dir='ltr'>Dei</span> 
     </span>
     <span class='ocr_line' id='line_1_76' title="bbox 985 800 1769 855; baseline 0.011 -22"><span class='ocrx_word' id='word_1_452' title='bbox 985 800 1160 846; x_wconf 89' lang='lat' dir='ltr'>interpres:</span> <span class='ocrx_word' id='word_1_453' title='bbox 1173 802 1229 847; x_wconf 88' lang='lat' dir='ltr'>qui</span> <span class='ocrx_word' id='word_1_454' title='bbox 1241 803 1332 836; x_wconf 84' lang='lat' dir='ltr'>aliter</span> <span class='ocrx_word' id='word_1_455' title='bbox 1341 802 1588 842; x_wconf 78' lang='lat' dir='ltr'>sentit,eandeni</span> <span class='ocrx_word' id='word_1_456' title='bbox 1601 818 1698 855; x_wconf 81' lang='lat' dir='ltr'>negat</span> <span class='ocrx_word' id='word_1_457' title='bbox 1710 820 1769 842; x_wconf 91' lang='lat' dir='ltr'>ve-</span> 
     </span>
     <span class='ocr_line' id='line_1_77' title="bbox 983 849 1744 898; baseline 0.011 -16"><span class='ocrx_word' id='word_1_458' title='bbox 983 849 1091 883; x_wconf 81' lang='lat' dir='ltr'>ritatis</span> <span class='ocrx_word' id='word_1_459' title='bbox 1103 849 1289 884; x_wconf 51' lang='lat' dir='ltr'>columnam</span> <span class='ocrx_word' id='word_1_460' title='bbox 1301 851 1360 885; x_wconf 77' lang='lat' dir='ltr'>esse</span> <span class='ocrx_word' id='word_1_461' title='bbox 1371 862 1469 898; x_wconf 80' lang='lat' dir='ltr'>atque</span> <span class='ocrx_word' id='word_1_462' title='bbox 1484 851 1744 890; x_wconf 73' lang='lat' dir='ltr'>firmamentum.</span> 
     </span>
    </p>

    <p class='ocr_par' dir='ltr' id='par_1_10' title="bbox 972 898 1767 1966">
     <span class='ocr_line' id='line_1_78' title="bbox 1030 898 1765 950; baseline 0.01 -18"><span class='ocrx_word' id='word_1_463' title='bbox 1030 899 1091 932; x_wconf 88' lang='lat' dir='ltr'>Vis</span> <span class='ocrx_word' id='word_1_464' title='bbox 1101 898 1201 946; x_wconf 87' lang='lat' dir='ltr'>igitur</span> <span class='ocrx_word' id='word_1_465' title='bbox 1213 900 1412 935; x_wconf 81' lang='lat' dir='ltr'>Sacramenti</span> <span class='ocrx_word' id='word_1_466' title='bbox 1422 901 1517 934; x_wconf 84' lang='lat' dir='ltr'>huius</span> <span class='ocrx_word' id='word_1_467' title='bbox 1530 902 1574 936; x_wconf 79' lang='lat' dir='ltr'>est</span> <span class='ocrx_word' id='word_1_468' title='bbox 1586 926 1595 942; x_wconf 91' lang='lat'>,</span> <span class='ocrx_word' id='word_1_469' title='bbox 1609 916 1642 937; x_wconf 89' lang='lat' dir='ltr'>vt</span> <span class='ocrx_word' id='word_1_470' title='bbox 1655 906 1710 950; x_wconf 87' lang='lat' dir='ltr'>qui</span> <span class='ocrx_word' id='word_1_471' title='bbox 1725 918 1765 939; x_wconf 85' lang='lat' dir='ltr'>eo</span> 
     </span>
     <span class='ocr_line' id='line_1_79' title="bbox 984 945 1767 997; baseline 0.01 -16"><span class='ocrx_word' id='word_1_472' title='bbox 984 945 1222 981; x_wconf 77' lang='lat' dir='ltr'>confirmantur</span> <span class='ocrx_word' id='word_1_473' title='bbox 1234 971 1242 985; x_wconf 88' lang='lat'>‚</span> <span class='ocrx_word' id='word_1_474' title='bbox 1255 949 1417 995; x_wconf 84' lang='lat' dir='ltr'>accipiant</span> <span class='ocrx_word' id='word_1_475' title='bbox 1437 950 1595 997; x_wconf 85' lang='lat' dir='ltr'>Spiritum</span> <span class='ocrx_word' id='word_1_476' title='bbox 1608 950 1767 994; x_wconf 61' lang='lat' dir='ltr'>sanetum,</span> 
     </span>
     <span class='ocr_line' id='line_1_80' title="bbox 983 994 1767 1045; baseline 0.013 -18"><span class='ocrx_word' id='word_1_477' title='bbox 983 1006 1050 1041; x_wconf 92' lang='lat' dir='ltr'>quo</span> <span class='ocrx_word' id='word_1_478' title='bbox 1063 995 1095 1029; x_wconf 90' lang='lat' dir='ltr'>in</span> <span class='ocrx_word' id='word_1_479' title='bbox 1113 995 1165 1029; x_wconf 68' lang='lat' dir='ltr'>via</span> <span class='ocrx_word' id='word_1_480' title='bbox 1181 994 1287 1030; x_wconf 87' lang='lat' dir='ltr'>salutis</span> <span class='ocrx_word' id='word_1_481' title='bbox 1300 999 1453 1045; x_wconf 85' lang='lat' dir='ltr'>progredi</span> <span class='ocrx_word' id='word_1_482' title='bbox 1468 1022 1478 1038; x_wconf 90' lang='lat'>‚</span> <span class='ocrx_word' id='word_1_483' title='bbox 1492 997 1692 1045; x_wconf 82' lang='lat' dir='ltr'>perseuerare</span> <span class='ocrx_word' id='word_1_484' title='bbox 1704 1025 1713 1040; x_wconf 90' lang='lat'>‚</span> <span class='ocrx_word' id='word_1_485' title='bbox 1733 1007 1767 1038; x_wconf 78' lang='grc' dir='ltr'>δε</span> 
     </span>
     <span class='ocr_line' id='line_1_81' title="bbox 983 1043 1766 1092; baseline 0.01 -16"><span class='ocrx_word' id='word_1_486' title='bbox 983 1043 1222 1078; x_wconf 82' lang='lat' dir='ltr'>tentationibus</span> <span class='ocrx_word' id='word_1_487' title='bbox 1245 1056 1342 1092; x_wconf 83' lang='lat' dir='ltr'>atque</span> <span class='ocrx_word' id='word_1_488' title='bbox 1359 1046 1483 1081; x_wconf 78' lang='lat' dir='ltr'>insidiis</span> <span class='ocrx_word' id='word_1_489' title='bbox 1496 1049 1599 1082; x_wconf 75' lang='lat' dir='ltr'>carnis</span> <span class='ocrx_word' id='word_1_490' title='bbox 1611 1072 1620 1087; x_wconf 91' lang='lat'>‚</span> <span class='ocrx_word' id='word_1_491' title='bbox 1636 1051 1766 1091; x_wconf 86' lang='lat' dir='ltr'>mundi,</span> 
     </span>
     <span class='ocr_line' id='line_1_82' title="bbox 983 1090 1767 1145; baseline 0.009 -19"><span class='ocrx_word' id='word_1_492' title='bbox 983 1091 1106 1127; x_wconf 79' lang='lat' dir='ltr'>diaboli</span> <span class='ocrx_word' id='word_1_493' title='bbox 1117 1090 1256 1127; x_wconf 83' lang='lat' dir='ltr'>feliciter</span> <span class='ocrx_word' id='word_1_494' title='bbox 1266 1095 1407 1130; x_wconf 85' lang='lat' dir='ltr'>relissere</span> <span class='ocrx_word' id='word_1_495' title='bbox 1419 1095 1599 1143; x_wconf 85' lang='lat' dir='ltr'>poffint.At</span> <span class='ocrx_word' id='word_1_496' title='bbox 1609 1099 1685 1144; x_wconf 84' lang='lat' dir='ltr'>quia</span> <span class='ocrx_word' id='word_1_497' title='bbox 1699 1100 1767 1145; x_wconf 88' lang='lat' dir='ltr'>ple-</span> 
     </span>
     <span class='ocr_line' id='line_1_83' title="bbox 981 1141 1765 1190; baseline 0.009 -15"><span class='ocrx_word' id='word_1_498' title='bbox 981 1141 1074 1188; x_wconf 86' lang='lat' dir='ltr'>rique</span> <span class='ocrx_word' id='word_1_499' title='bbox 1085 1153 1198 1176; x_wconf 88' lang='lat' dir='ltr'>eorum</span> <span class='ocrx_word' id='word_1_500' title='bbox 1212 1144 1269 1188; x_wconf 87' lang='lat' dir='ltr'>qui</span> <span class='ocrx_word' id='word_1_501' title='bbox 1281 1143 1486 1190; x_wconf 80' lang='lat' dir='ltr'>baptizantur</span> <span class='ocrx_word' id='word_1_502' title='bbox 1497 1169 1508 1185; x_wconf 86' lang='lat'>‚</span> <span class='ocrx_word' id='word_1_503' title='bbox 1521 1144 1659 1181; x_wconf 83' lang='lat' dir='ltr'>infantes</span> <span class='ocrx_word' id='word_1_504' title='bbox 1681 1147 1765 1189; x_wconf 87' lang='lat' dir='ltr'>sunt,</span> 
     </span>
     <span class='ocr_line' id='line_1_84' title="bbox 981 1189 1767 1239; baseline 0.01 -16"><span class='ocrx_word' id='word_1_505' title='bbox 981 1197 1042 1224; x_wconf 62' lang='lat' dir='ltr'>ne‘c</span> <span class='ocrx_word' id='word_1_506' title='bbox 1055 1189 1133 1224; x_wconf 86' lang='lat' dir='ltr'>fidei</span> <span class='ocrx_word' id='word_1_507' title='bbox 1145 1190 1377 1238; x_wconf 86' lang='lat' dir='ltr'>professionem</span> <span class='ocrx_word' id='word_1_508' title='bbox 1390 1193 1484 1239; x_wconf 87' lang='lat' dir='ltr'>perse</span> <span class='ocrx_word' id='word_1_509' title='bbox 1497 1194 1616 1229; x_wconf 89' lang='lat' dir='ltr'>edunt:</span> <span class='ocrx_word' id='word_1_510' title='bbox 1638 1208 1767 1231; x_wconf 84' lang='lat' dir='ltr'>conue-</span> 
     </span>
     <span class='ocr_line' id='line_1_85' title="bbox 982 1239 1766 1292; baseline 0.01 -20"><span class='ocrx_word' id='word_1_511' title='bbox 982 1239 1051 1272; x_wconf 88' lang='lat' dir='ltr'>niet</span> <span class='ocrx_word' id='word_1_512' title='bbox 1062 1249 1097 1272; x_wconf 91' lang='lat' dir='ltr'>vt</span> <span class='ocrx_word' id='word_1_513' title='bbox 1109 1239 1219 1286; x_wconf 82' lang='lat' dir='ltr'>pueri,</span> <span class='ocrx_word' id='word_1_514' title='bbox 1234 1240 1385 1276; x_wconf 70' lang='lat' dir='ltr'>cumiani</span> <span class='ocrx_word' id='word_1_515' title='bbox 1399 1243 1500 1277; x_wconf 87' lang='lat' dir='ltr'>adulti</span> <span class='ocrx_word' id='word_1_516' title='bbox 1522 1267 1532 1283; x_wconf 87' lang='lat'>‚</span> <span class='ocrx_word' id='word_1_517' title='bbox 1551 1243 1590 1277; x_wconf 92' lang='lat' dir='ltr'>de</span> <span class='ocrx_word' id='word_1_518' title='bbox 1603 1245 1766 1292; x_wconf 86' lang='lat' dir='ltr'>religione</span> 
     </span>
     <span class='ocr_line' id='line_1_86' title="bbox 982 1286 1764 1338; baseline 0.01 -18"><span class='ocrx_word' id='word_1_519' title='bbox 982 1286 1106 1322; x_wconf 88' lang='lat' dir='ltr'>Christi</span> <span class='ocrx_word' id='word_1_520' title='bbox 1121 1288 1184 1322; x_wconf 88' lang='lat' dir='ltr'>iam</span> <span class='ocrx_word' id='word_1_521' title='bbox 1195 1286 1266 1322; x_wconf 88' lang='lat' dir='ltr'>satis</span> <span class='ocrx_word' id='word_1_522' title='bbox 1280 1289 1448 1330; x_wconf 63' lang='lat' dir='ltr'>instructi,</span> <span class='ocrx_word' id='word_1_523' title='bbox 1462 1292 1501 1325; x_wconf 89' lang='lat' dir='ltr'>ad</span> <span class='ocrx_word' id='word_1_524' title='bbox 1523 1291 1764 1338; x_wconf 85' lang='lat' dir='ltr'>perficiendum</span> 
     </span>
     <span class='ocr_line' id='line_1_87' title="bbox 982 1335 1762 1382; baseline 0.01 -13"><span class='ocrx_word' id='word_1_525' title='bbox 982 1335 1260 1372; x_wconf 85' lang='lat' dir='ltr'>confirmationis</span> <span class='ocrx_word' id='word_1_526' title='bbox 1272 1342 1514 1374; x_wconf 87' lang='lat' dir='ltr'>Sacramentum</span> <span class='ocrx_word' id='word_1_527' title='bbox 1527 1342 1686 1376; x_wconf 88' lang='lat' dir='ltr'>accedunt</span> <span class='ocrx_word' id='word_1_528' title='bbox 1698 1366 1709 1382; x_wconf 89' lang='lat'>,</span> <span class='ocrx_word' id='word_1_529' title='bbox 1720 1342 1762 1376; x_wconf 83' lang='lat' dir='ltr'>fi-</span> 
     </span>
     <span class='ocr_line' id='line_1_88' title="bbox 982 1384 1764 1425; baseline 0.01 -7"><span class='ocrx_word' id='word_1_530' title='bbox 982 1384 1056 1419; x_wconf 88' lang='lat' dir='ltr'>dem</span> <span class='ocrx_word' id='word_1_531' title='bbox 1069 1384 1190 1420; x_wconf 77' lang='lat' dir='ltr'>Christi</span> <span class='ocrx_word' id='word_1_532' title='bbox 1201 1390 1233 1422; x_wconf 71' lang='grc' dir='ltr'>δε</span> <span class='ocrx_word' id='word_1_533' title='bbox 1245 1387 1470 1422; x_wconf 85' lang='lat' dir='ltr'>obedientiam</span> <span class='ocrx_word' id='word_1_534' title='bbox 1484 1388 1631 1422; x_wconf 72' lang='lat' dir='ltr'>Ecclesiae</span> <span class='ocrx_word' id='word_1_535' title='bbox 1654 1389 1714 1425; x_wconf 92' lang='lat' dir='ltr'>suo</span> <span class='ocrx_word' id='word_1_536' title='bbox 1727 1404 1764 1425; x_wconf 87' lang='lat' dir='ltr'>e-</span> 
     </span>
     <span class='ocr_line' id='line_1_89' title="bbox 979 1434 1763 1483; baseline 0.009 -16"><span class='ocrx_word' id='word_1_537' title='bbox 979 1434 1057 1467; x_wconf 88' lang='lat' dir='ltr'>tiam</span> <span class='ocrx_word' id='word_1_538' title='bbox 1066 1446 1123 1468; x_wconf 90' lang='lat' dir='ltr'>ore</span> <span class='ocrx_word' id='word_1_539' title='bbox 1133 1434 1397 1480; x_wconf 80' lang='lat' dir='ltr'>profiteanturz&amp;</span> <span class='ocrx_word' id='word_1_540' title='bbox 1409 1438 1512 1471; x_wconf 86' lang='lat' dir='ltr'>ieiuni</span> <span class='ocrx_word' id='word_1_541' title='bbox 1522 1447 1619 1483; x_wconf 87' lang='lat' dir='ltr'>atque</span> <span class='ocrx_word' id='word_1_542' title='bbox 1631 1438 1763 1474; x_wconf 87' lang='lat' dir='ltr'>confes-</span> 
     </span>
     <span class='ocr_line' id='line_1_90' title="bbox 980 1480 1765 1532; baseline 0.009 -17"><span class='ocrx_word' id='word_1_543' title='bbox 980 1480 1002 1515; x_wconf 89' lang='lat' dir='ltr'>si</span> <span class='ocrx_word' id='word_1_544' title='bbox 1012 1481 1075 1516; x_wconf 91' lang='lat' dir='ltr'>hoc</span> <span class='ocrx_word' id='word_1_545' title='bbox 1088 1481 1174 1516; x_wconf 91' lang='lat' dir='ltr'>sacro</span> <span class='ocrx_word' id='word_1_546' title='bbox 1185 1484 1338 1531; x_wconf 87' lang='lat' dir='ltr'>mysterio</span> <span class='ocrx_word' id='word_1_547' title='bbox 1350 1485 1679 1532; x_wconf 80' lang='lat' dir='ltr'>initientur‚quemad</span> <span class='ocrx_word' id='word_1_548' title='bbox 1689 1501 1765 1522; x_wconf 83' lang='lat' dir='ltr'>mo-</span> 
     </span>
     <span class='ocr_line' id='line_1_91' title="bbox 979 1530 1765 1578; baseline 0.009 -13"><span class='ocrx_word' id='word_1_549' title='bbox 979 1530 1058 1566; x_wconf 91' lang='lat' dir='ltr'>dum</span> <span class='ocrx_word' id='word_1_550' title='bbox 1070 1543 1127 1578; x_wconf 92' lang='lat' dir='ltr'>per</span> <span class='ocrx_word' id='word_1_551' title='bbox 1139 1532 1331 1569; x_wconf 88' lang='lat' dir='ltr'>Concilium</span> <span class='ocrx_word' id='word_1_552' title='bbox 1351 1533 1584 1569; x_wconf 82' lang='lat' dir='ltr'>Aurelianense</span> <span class='ocrx_word' id='word_1_553' title='bbox 1603 1536 1765 1571; x_wconf 89' lang='lat' dir='ltr'>constitu-</span> 
     </span>
     <span class='ocr_line' id='line_1_92' title="bbox 977 1579 1764 1631; baseline 0.006 -17"><span class='ocrx_word' id='word_1_554' title='bbox 977 1590 1048 1614; x_wconf 88' lang='lat' dir='ltr'>tum</span> <span class='ocrx_word' id='word_1_555' title='bbox 1059 1579 1114 1614; x_wconf 89' lang='lat' dir='ltr'>est.</span> <span class='ocrx_word' id='word_1_556' title='bbox 1134 1581 1218 1615; x_wconf 91' lang='lat' dir='ltr'>Non</span> <span class='ocrx_word' id='word_1_557' title='bbox 1228 1586 1314 1625; x_wconf 74' lang='lat' dir='ltr'>tame</span> <span class='ocrx_word' id='word_1_558' title='bbox 1323 1581 1678 1629; x_wconf 81' lang='lat' dir='ltr'>censemus‚propterea</span> <span class='ocrx_word' id='word_1_559' title='bbox 1691 1597 1764 1631; x_wconf 85' lang='lat' dir='ltr'>par-</span> 
     </span>
     <span class='ocr_line' id='line_1_93' title="bbox 978 1627 1761 1679; baseline 0.009 -18"><span class='ocrx_word' id='word_1_560' title='bbox 978 1628 1072 1661; x_wconf 88' lang='lat' dir='ltr'>uulos</span> <span class='ocrx_word' id='word_1_561' title='bbox 1088 1627 1205 1663; x_wconf 88' lang='lat' dir='ltr'>abhoc</span> <span class='ocrx_word' id='word_1_562' title='bbox 1228 1633 1438 1666; x_wconf 87' lang='lat' dir='ltr'>Sacramento</span> <span class='ocrx_word' id='word_1_563' title='bbox 1465 1632 1671 1679; x_wconf 82' lang='lat' dir='ltr'>repellendos</span> <span class='ocrx_word' id='word_1_564' title='bbox 1691 1629 1761 1674; x_wconf 73' lang='lat' dir='ltr'>else,</span> 
     </span>
     <span class='ocr_line' id='line_1_94' title="bbox 978 1676 1764 1727; baseline 0.006 -17"><span class='ocrx_word' id='word_1_565' title='bbox 978 1676 1053 1710; x_wconf 72' lang='lat' dir='ltr'>cnm</span> <span class='ocrx_word' id='word_1_566' title='bbox 1075 1676 1225 1713; x_wconf 88' lang='lat' dir='ltr'>Christus</span> <span class='ocrx_word' id='word_1_567' title='bbox 1243 1679 1309 1727; x_wconf 85' lang='lat' dir='ltr'>ipse</span> <span class='ocrx_word' id='word_1_568' title='bbox 1329 1693 1397 1715; x_wconf 88' lang='lat' dir='ltr'>non</span> <span class='ocrx_word' id='word_1_569' title='bbox 1408 1679 1569 1714; x_wconf 85' lang='lat' dir='ltr'>dubitarit</span> <span class='ocrx_word' id='word_1_570' title='bbox 1592 1682 1636 1714; x_wconf 90' lang='lat' dir='ltr'>eis</span> <span class='ocrx_word' id='word_1_571' title='bbox 1650 1694 1764 1715; x_wconf 82' lang='lat' dir='ltr'>manus</span> 
     </span>
     <span class='ocr_line' id='line_1_95' title="bbox 976 1725 1763 1777; baseline 0.009 -20"><span class='ocrx_word' id='word_1_572' title='bbox 976 1725 1152 1772; x_wconf 88' lang='lat' dir='ltr'>imponere</span> <span class='ocrx_word' id='word_1_573' title='bbox 1167 1729 1352 1763; x_wconf 89' lang='lat' dir='ltr'>:nonenim</span> <span class='ocrx_word' id='word_1_574' title='bbox 1371 1730 1477 1777; x_wconf 83' lang='lat' dir='ltr'>legem</span> <span class='ocrx_word' id='word_1_575' title='bbox 1500 1727 1555 1762; x_wconf 72' lang='lat' dir='ltr'>hic</span> <span class='ocrx_word' id='word_1_576' title='bbox 1573 1729 1686 1764; x_wconf 89' lang='lat' dir='ltr'>damus</span> <span class='ocrx_word' id='word_1_577' title='bbox 1699 1732 1763 1765; x_wconf 85' lang='lat' dir='ltr'>Ec-</span> 
     </span>
     <span class='ocr_line' id='line_1_96' title="bbox 976 1773 1764 1820; baseline 0.008 -13"><span class='ocrx_word' id='word_1_578' title='bbox 976 1773 1090 1808; x_wconf 84' lang='lat' dir='ltr'>clefiis.</span> <span class='ocrx_word' id='word_1_579' title='bbox 1116 1775 1269 1811; x_wconf 83' lang='lat' dir='ltr'>Minister</span> <span class='ocrx_word' id='word_1_580' title='bbox 1280 1788 1388 1820; x_wconf 86' lang='lat' dir='ltr'>autem</span> <span class='ocrx_word' id='word_1_581' title='bbox 1401 1777 1496 1811; x_wconf 85' lang='lat' dir='ltr'>huius</span> <span class='ocrx_word' id='word_1_582' title='bbox 1509 1780 1705 1813; x_wconf 83' lang='lat' dir='ltr'>Sacramenti</span> <span class='ocrx_word' id='word_1_583' title='bbox 1726 1778 1764 1813; x_wconf 87' lang='lat' dir='ltr'>fit</span> 
     </span>
     <span class='ocr_line' id='line_1_97' title="bbox 974 1821 1756 1873; baseline 0.008 -17"><span class='ocrx_word' id='word_1_584' title='bbox 974 1821 1155 1869; x_wconf 85' lang='lat' dir='ltr'>Episcopus</span> <span class='ocrx_word' id='word_1_585' title='bbox 1168 1825 1222 1860; x_wconf 66' lang='lat' dir='ltr'>rid</span> <span class='ocrx_word' id='word_1_586' title='bbox 1235 1827 1326 1873; x_wconf 91' lang='lat' dir='ltr'>quod</span> <span class='ocrx_word' id='word_1_587' title='bbox 1339 1825 1494 1861; x_wconf 87' lang='lat' dir='ltr'>consensu</span> <span class='ocrx_word' id='word_1_588' title='bbox 1515 1826 1617 1860; x_wconf 89' lang='lat' dir='ltr'>totius</span> <span class='ocrx_word' id='word_1_589' title='bbox 1638 1827 1756 1862; x_wconf 85' lang='lat' dir='ltr'>Eccle-</span> 
     </span>
     <span class='ocr_line' id='line_1_98' title="bbox 973 1869 1763 1922; baseline 0.011 -19"><span class='ocrx_word' id='word_1_590' title='bbox 973 1869 1024 1905; x_wconf 85' lang='lat' dir='ltr'>siae</span> <span class='ocrx_word' id='word_1_591' title='bbox 1042 1870 1231 1914; x_wconf 86' lang='lat' dir='ltr'>catholicae‚</span> <span class='ocrx_word' id='word_1_592' title='bbox 1252 1879 1285 1911; x_wconf 88' lang='lat'>&amp;</span> <span class='ocrx_word' id='word_1_593' title='bbox 1303 1874 1546 1922; x_wconf 82' lang='lat' dir='ltr'>Apostolorum</span> <span class='ocrx_word' id='word_1_594' title='bbox 1558 1877 1647 1922; x_wconf 85' lang='lat' dir='ltr'>praxi</span> <span class='ocrx_word' id='word_1_595' title='bbox 1667 1888 1763 1912; x_wconf 87' lang='lat' dir='ltr'>com-</span> 
     </span>
     <span class='ocr_line' id='line_1_99' title="bbox 972 1919 1410 1966; baseline 0.002 -13"><span class='ocrx_word' id='word_1_596' title='bbox 972 1919 1143 1966; x_wconf 88' lang='lat' dir='ltr'>probatur.</span> <span class='ocrx_word' id='word_1_597' title='bbox 1407 1935 1410 1938; x_wconf 50' lang='lat'><strong>⁴</strong></span> 
     </span>
    </p>
   </div>
   <div class='ocr_carea' id='block_1_8' title="bbox 1119 2017 1581 2067">
    <p class='ocr_par' dir='ltr' id='par_1_11' title="bbox 1119 2017 1581 2067">
     <span class='ocr_line' id='line_1_100' title="bbox 1119 2017 1581 2067; baseline 0.009 -18"><span class='ocrx_word' id='word_1_598' title='bbox 1119 2017 1178 2050; x_wconf 73' lang='lat' dir='ltr'>‘De</span> <span class='ocrx_word' id='word_1_599' title='bbox 1188 2017 1381 2053; x_wconf 75' lang='lat' dir='ltr'>Sacramenta</span> <span class='ocrx_word' id='word_1_600' title='bbox 1388 2021 1581 2067; x_wconf 74' lang='lat' dir='ltr'>poenitemiae.</span> 
     </span>
    </p>
   </div>
   <div class='ocr_carea' id='block_1_9' title="bbox 968 2112 1753 2202">
    <p class='ocr_par' dir='ltr' id='par_1_12' title="bbox 968 2112 1753 2202">
     <span class='ocr_line' id='line_1_101' title="bbox 1025 2112 1753 2165; baseline 0.011 -20"><span class='ocrx_word' id='word_1_601' title='bbox 1025 2112 1076 2145; x_wconf 91' lang='lat' dir='ltr'>Ac</span> <span class='ocrx_word' id='word_1_602' title='bbox 1088 2115 1245 2161; x_wconf 90' lang='lat' dir='ltr'>quoniam</span> <span class='ocrx_word' id='word_1_603' title='bbox 1255 2113 1410 2148; x_wconf 86' lang='lat' dir='ltr'>homines</span> <span class='ocrx_word' id='word_1_604' title='bbox 1421 2118 1524 2151; x_wconf 86' lang='lat' dir='ltr'>renati</span> <span class='ocrx_word' id='word_1_605' title='bbox 1539 2117 1616 2165; x_wconf 79' lang='lat' dir='ltr'>saepe</span> <span class='ocrx_word' id='word_1_606' title='bbox 1629 2119 1662 2152; x_wconf 90' lang='lat' dir='ltr'>in</span> <span class='ocrx_word' id='word_1_607' title='bbox 1677 2130 1753 2165; x_wconf 86' lang='lat' dir='ltr'>gra-</span> 
     </span>
     <span class='ocr_line' id='line_1_102' title="bbox 968 2157 1752 2202; baseline 0.01 -8"><span class='ocrx_word' id='word_1_608' title='bbox 968 2157 1019 2192; x_wconf 73' lang='lat' dir='ltr'>uia</span> <span class='ocrx_word' id='word_1_609' title='bbox 1031 2160 1169 2197; x_wconf 81' lang='lat' dir='ltr'>crimina</span> <span class='ocrx_word' id='word_1_610' title='bbox 1192 2162 1345 2197; x_wconf 87' lang='lat' dir='ltr'>incidunt</span> <span class='ocrx_word' id='word_1_611' title='bbox 1356 2186 1366 2202; x_wconf 93' lang='lat'>‚</span> <span class='ocrx_word' id='word_1_612' title='bbox 1377 2163 1519 2200; x_wconf 87' lang='lat' dir='ltr'>instituit</span> <span class='ocrx_word' id='word_1_613' title='bbox 1532 2166 1683 2202; x_wconf 87' lang='lat' dir='ltr'>Christus</span> <span class='ocrx_word' id='word_1_614' title='bbox 1696 2170 1752 2201; x_wconf 76' lang='lat' dir='ltr'>Sa—</span> 
     </span>
    </p>
   </div>
   <div class='ocr_carea' id='block_1_10' title="bbox 954 2212 1752 2262">
    <p class='ocr_par' dir='ltr' id='par_1_13' title="bbox 954 2212 1752 2262">
     <span class='ocr_line' id='line_1_103' title="bbox 954 2212 1752 2262; baseline 0.011 -22"><span class='ocrx_word' id='word_1_615' title='bbox 954 2218 1170 2245; x_wconf 74' lang='lat' dir='ltr'>cramentum</span> <span class='ocrx_word' id='word_1_616' title='bbox 1191 2212 1417 2252; x_wconf 86' lang='lat' dir='ltr'>Poenitentiae‚</span> <span class='ocrx_word' id='word_1_617' title='bbox 1442 2215 1532 2260; x_wconf 90' lang='lat' dir='ltr'>quod</span> <span class='ocrx_word' id='word_1_618' title='bbox 1555 2215 1752 2262; x_wconf 52' lang='lat' dir='ltr'>postBapti‘</span> 
     </span>
    </p>
   </div>
   <div class='ocr_carea' id='block_1_11' title="bbox 964 2255 1750 2594">
    <p class='ocr_par' dir='ltr' id='par_1_14' title="bbox 964 2255 1750 2594">
     <span class='ocr_line' id='line_1_104' title="bbox 966 2255 1750 2306; baseline 0.011 -17"><span class='ocrx_word' id='word_1_619' title='bbox 966 2255 1033 2289; x_wconf 78' lang='lat' dir='ltr'>sma</span> <span class='ocrx_word' id='word_1_620' title='bbox 1044 2257 1081 2294; x_wconf 87' lang='lat' dir='ltr'>sit</span> <span class='ocrx_word' id='word_1_621' title='bbox 1095 2259 1195 2294; x_wconf 90' lang='lat' dir='ltr'>nobis</span> <span class='ocrx_word' id='word_1_622' title='bbox 1209 2258 1488 2306; x_wconf 72' lang='lat' dir='ltr'>taquamsecunda</span> <span class='ocrx_word' id='word_1_623' title='bbox 1501 2259 1607 2298; x_wconf 81' lang='lat' dir='ltr'>tabula</span> <span class='ocrx_word' id='word_1_624' title='bbox 1618 2266 1651 2298; x_wconf 89' lang='lat' dir='ltr'>in</span> <span class='ocrx_word' id='word_1_625' title='bbox 1666 2276 1750 2297; x_wconf 86' lang='lat' dir='ltr'>nau-</span> 
     </span>
     <span class='ocr_line' id='line_1_105' title="bbox 966 2302 1749 2351; baseline 0.01 -13"><span class='ocrx_word' id='word_1_626' title='bbox 966 2302 1084 2351; x_wconf 85' lang='lat' dir='ltr'>fragio.</span> <span class='ocrx_word' id='word_1_627' title='bbox 1114 2311 1152 2343; x_wconf 90' lang='lat' dir='ltr'>ln</span> <span class='ocrx_word' id='word_1_628' title='bbox 1167 2307 1254 2343; x_wconf 86' lang='lat' dir='ltr'>hunc</span> <span class='ocrx_word' id='word_1_629' title='bbox 1267 2309 1355 2342; x_wconf 88' lang='lat' dir='ltr'>enim</span> <span class='ocrx_word' id='word_1_630' title='bbox 1368 2307 1457 2344; x_wconf 87' lang='lat' dir='ltr'>vsum</span> <span class='ocrx_word' id='word_1_631' title='bbox 1476 2312 1612 2347; x_wconf 72' lang='lat' dir='ltr'>tradidit</span> <span class='ocrx_word' id='word_1_632' title='bbox 1624 2314 1749 2347; x_wconf 84' lang='lat' dir='ltr'>clauem</span> 
     </span>
     <span class='ocr_line' id='line_1_106' title="bbox 966 2352 1748 2407; baseline 0.008 -18"><span class='ocrx_word' id='word_1_633' title='bbox 966 2352 1137 2396; x_wconf 90' lang='lat' dir='ltr'>soluendi,</span> <span class='ocrx_word' id='word_1_634' title='bbox 1150 2357 1302 2403; x_wconf 89' lang='lat' dir='ltr'>inquiens</span> <span class='ocrx_word' id='word_1_635' title='bbox 1316 2370 1324 2390; x_wconf 74' lang='grc' dir='ltr'><strong>ε</strong></span> <span class='ocrx_word' id='word_1_636' title='bbox 1338 2359 1489 2406; x_wconf 89' lang='lat' dir='ltr'>Accipite</span> <span class='ocrx_word' id='word_1_637' title='bbox 1509 2362 1662 2407; x_wconf 75' lang='lat' dir='ltr'>Spiritum</span> <span class='ocrx_word' id='word_1_638' title='bbox 1675 2359 1748 2394; x_wconf 69' lang='lat' dir='ltr'>sin-</span> 
     </span>
     <span class='ocr_line' id='line_1_107' title="bbox 967 2401 1748 2454; baseline 0.008 -18"><span class='ocrx_word' id='word_1_639' title='bbox 967 2401 1212 2451; x_wconf 67' lang='lat' dir='ltr'>&amp;umzquorum</span> <span class='ocrx_word' id='word_1_640' title='bbox 1227 2404 1409 2440; x_wconf 89' lang='lat' dir='ltr'>remiseritis</span> <span class='ocrx_word' id='word_1_641' title='bbox 1421 2410 1748 2454; x_wconf 82' lang='lat' dir='ltr'>peccata‚rcmittun-</span> 
     </span>
     <span class='ocr_line' id='line_1_108' title="bbox 964 2453 1747 2504; baseline 0.011 -21"><span class='ocrx_word' id='word_1_642' title='bbox 964 2460 1018 2483; x_wconf 91' lang='lat' dir='ltr'>tur</span> <span class='ocrx_word' id='word_1_643' title='bbox 1036 2453 1093 2486; x_wconf 87' lang='lat' dir='ltr'>eis.</span> <span class='ocrx_word' id='word_1_644' title='bbox 1123 2454 1263 2488; x_wconf 87' lang='lat' dir='ltr'>Simulac</span> <span class='ocrx_word' id='word_1_645' title='bbox 1283 2455 1371 2488; x_wconf 89' lang='lat' dir='ltr'>enim</span> <span class='ocrx_word' id='word_1_646' title='bbox 1388 2467 1593 2502; x_wconf 82' lang='lat' dir='ltr'>peccatorem</span> <span class='ocrx_word' id='word_1_647' title='bbox 1622 2457 1747 2504; x_wconf 84' lang='lat' dir='ltr'>peccati</span> 
     </span>
     <span class='ocr_line' id='line_1_109' title="bbox 966 2495 1747 2551; baseline 0.009 -18"><span class='ocrx_word' id='word_1_648' title='bbox 966 2495 1012 2532; x_wconf 85' lang='lat' dir='ltr'>sui</span> <span class='ocrx_word' id='word_1_649' title='bbox 1024 2502 1165 2546; x_wconf 67' lang='lat' dir='ltr'>poenitet</span> <span class='ocrx_word' id='word_1_650' title='bbox 1179 2501 1253 2536; x_wconf 72' lang='lat' dir='ltr'>vere</span> <span class='ocrx_word' id='word_1_651' title='bbox 1265 2525 1274 2542; x_wconf 91' lang='lat'>‚</span> <span class='ocrx_word' id='word_1_652' title='bbox 1288 2502 1445 2551; x_wconf 88' lang='lat' dir='ltr'>ide‘mque</span> <span class='ocrx_word' id='word_1_653' title='bbox 1466 2518 1537 2540; x_wconf 87' lang='lat' dir='ltr'>cum</span> <span class='ocrx_word' id='word_1_654' title='bbox 1557 2506 1747 2540; x_wconf 69' lang='lat' dir='ltr'>fiducia‘ac—</span> 
     </span>
     <span class='ocr_line' id='line_1_110' title="bbox 967 2548 1747 2594; baseline 0.01 -13"><span class='ocrx_word' id='word_1_655' title='bbox 967 2548 1055 2582; x_wconf 87' lang='lat' dir='ltr'>cedit</span> <span class='ocrx_word' id='word_1_656' title='bbox 1073 2550 1111 2584; x_wconf 81' lang='lat' dir='ltr'>ad</span> <span class='ocrx_word' id='word_1_657' title='bbox 1133 2550 1290 2585; x_wconf 88' lang='lat' dir='ltr'>thronum</span> <span class='ocrx_word' id='word_1_658' title='bbox 1313 2551 1542 2588; x_wconf 76' lang='lat' dir='ltr'>misericordiae</span> <span class='ocrx_word' id='word_1_659' title='bbox 1561 2578 1571 2594; x_wconf 90' lang='lat'>,</span> <span class='ocrx_word' id='word_1_660' title='bbox 1589 2558 1621 2589; x_wconf 90' lang='lat'>&amp;</span> <span class='ocrx_word' id='word_1_661' title='bbox 1639 2555 1747 2588; x_wconf 80' lang='lat' dir='ltr'>credit</span> 
     </span>
    </p>
   </div>
   <div class='ocr_carea' id='block_1_12' title="bbox 954 2594 1746 2650">
    <p class='ocr_par' dir='ltr' id='par_1_15' title="bbox 954 2594 1746 2650">
     <span class='ocr_line' id='line_1_111' title="bbox 954 2594 1746 2650; baseline 0.01 -21"><span class='ocrx_word' id='word_1_662' title='bbox 954 2594 1032 2631; x_wconf 75' lang='lat' dir='ltr'>hoc</span> <span class='ocrx_word' id='word_1_663' title='bbox 1045 2600 1252 2634; x_wconf 82' lang='lat' dir='ltr'>Sacramento</span> <span class='ocrx_word' id='word_1_664' title='bbox 1263 2602 1386 2650; x_wconf 13' lang='lat' dir='ltr'>accipi»,</span> <span class='ocrx_word' id='word_1_665' title='bbox 1399 2602 1489 2649; x_wconf 90' lang='lat' dir='ltr'>quod</span> <span class='ocrx_word' id='word_1_666' title='bbox 1502 2601 1651 2637; x_wconf 87' lang='lat' dir='ltr'>Christus</span> <span class='ocrx_word' id='word_1_667' title='bbox 1665 2615 1746 2650; x_wconf 75' lang='lat' dir='ltr'>pro-</span> 
     </span>
    </p>
   </div>
   <div class='ocr_carea' id='block_1_13' title="bbox 965 2644 1751 3281">
    <p class='ocr_par' dir='ltr' id='par_1_16' title="bbox 965 2644 1751 3281">
     <span class='ocr_line' id='line_1_112' title="bbox 969 2644 1746 2686; baseline 0.009 -7"><span class='ocrx_word' id='word_1_668' title='bbox 969 2644 1109 2686; x_wconf 87' lang='lat' dir='ltr'>misit‚s·it</span> <span class='ocrx_word' id='word_1_669' title='bbox 1119 2649 1147 2682; x_wconf 93' lang='lat' dir='ltr'>ei</span> <span class='ocrx_word' id='word_1_670' title='bbox 1158 2647 1249 2684; x_wconf 89' lang='lat' dir='ltr'>sicuti</span> <span class='ocrx_word' id='word_1_671' title='bbox 1262 2651 1376 2684; x_wconf 87' lang='lat' dir='ltr'>credit:</span> <span class='ocrx_word' id='word_1_672' title='bbox 1386 2663 1444 2684; x_wconf 89' lang='lat' dir='ltr'>nec</span> <span class='ocrx_word' id='word_1_673' title='bbox 1456 2650 1543 2685; x_wconf 88' lang='lat' dir='ltr'>deest</span> <span class='ocrx_word' id='word_1_674' title='bbox 1554 2653 1746 2686; x_wconf 88' lang='lat' dir='ltr'>Sacramen-</span> 
     </span>
     <span class='ocr_line' id='line_1_113' title="bbox 969 2693 1748 2744; baseline 0.009 -17"><span class='ocrx_word' id='word_1_675' title='bbox 969 2705 1004 2728; x_wconf 87' lang='lat' dir='ltr'>to</span> <span class='ocrx_word' id='word_1_676' title='bbox 1014 2693 1088 2730; x_wconf 85' lang='lat' dir='ltr'>huic</span> <span class='ocrx_word' id='word_1_677' title='bbox 1100 2697 1188 2743; x_wconf 91' lang='lat' dir='ltr'>quod</span> <span class='ocrx_word' id='word_1_678' title='bbox 1200 2695 1388 2744; x_wconf 79' lang='lat' dir='ltr'>promissum</span> <span class='ocrx_word' id='word_1_679' title='bbox 1398 2699 1454 2733; x_wconf 87' lang='lat' dir='ltr'>est.</span> <span class='ocrx_word' id='word_1_680' title='bbox 1475 2701 1521 2734; x_wconf 89' lang='lat' dir='ltr'>Vt</span> <span class='ocrx_word' id='word_1_681' title='bbox 1532 2701 1621 2734; x_wconf 89' lang='lat' dir='ltr'>enim</span> <span class='ocrx_word' id='word_1_682' title='bbox 1636 2702 1748 2735; x_wconf 86' lang='lat' dir='ltr'>Sacra-</span> 
     </span>
     <span class='ocr_line' id='line_1_114' title="bbox 968 2745 1750 2786; baseline 0.008 -9"><span class='ocrx_word' id='word_1_683' title='bbox 968 2755 1079 2778; x_wconf 89' lang='lat' dir='ltr'>menta</span> <span class='ocrx_word' id='word_1_684' title='bbox 1092 2746 1150 2779; x_wconf 87' lang='lat' dir='ltr'>alia</span> <span class='ocrx_word' id='word_1_685' title='bbox 1160 2771 1169 2786; x_wconf 90' lang='lat'>‚</span> <span class='ocrx_word' id='word_1_686' title='bbox 1181 2745 1221 2781; x_wconf 85' lang='lat' dir='ltr'>fic</span> <span class='ocrx_word' id='word_1_687' title='bbox 1234 2746 1339 2783; x_wconf 89' lang='lat' dir='ltr'>&amp;hoc</span> <span class='ocrx_word' id='word_1_688' title='bbox 1353 2748 1420 2782; x_wconf 88' lang='lat' dir='ltr'>vim</span> <span class='ocrx_word' id='word_1_689' title='bbox 1432 2746 1530 2782; x_wconf 85' lang='lat' dir='ltr'>habet</span> <span class='ocrx_word' id='word_1_690' title='bbox 1542 2747 1750 2783; x_wconf 70' lang='lat' dir='ltr'>sanetifican-</span> 
     </span>
     <span class='ocr_line' id='line_1_115' title="bbox 968 2793 1751 2832; baseline 0.008 -7"><span class='ocrx_word' id='word_1_691' title='bbox 968 2793 1012 2826; x_wconf 89' lang='lat' dir='ltr'>di.</span> <span class='ocrx_word' id='word_1_692' title='bbox 1029 2793 1303 2830; x_wconf 81' lang='lat' dir='ltr'>Confistitautern</span> <span class='ocrx_word' id='word_1_693' title='bbox 1318 2798 1557 2831; x_wconf 88' lang='lat' dir='ltr'>Sacramentum</span> <span class='ocrx_word' id='word_1_694' title='bbox 1571 2796 1676 2832; x_wconf 91' lang='lat' dir='ltr'>hocin</span> <span class='ocrx_word' id='word_1_695' title='bbox 1689 2797 1751 2831; x_wconf 88' lang='lat' dir='ltr'>ab·</span> 
     </span>
     <span class='ocr_line' id='line_1_116' title="bbox 967 2839 1748 2891; baseline 0.006 -16"><span class='ocrx_word' id='word_1_696' title='bbox 967 2839 1130 2877; x_wconf 90' lang='lat' dir='ltr'>solutione</span> <span class='ocrx_word' id='word_1_697' title='bbox 1138 2842 1318 2878; x_wconf 80' lang='lat' dir='ltr'>sacerdotis</span> <span class='ocrx_word' id='word_1_698' title='bbox 1329 2845 1344 2883; x_wconf 51' lang='lat'>,⁴</span> <span class='ocrx_word' id='word_1_699' title='bbox 1358 2856 1429 2891; x_wconf 86' lang='lat' dir='ltr'>quae</span> <span class='ocrx_word' id='word_1_700' title='bbox 1438 2844 1588 2880; x_wconf 87' lang='lat' dir='ltr'>instituto</span> <span class='ocrx_word' id='word_1_701' title='bbox 1600 2851 1632 2883; x_wconf 89' lang='lat'>&amp;</span> <span class='ocrx_word' id='word_1_702' title='bbox 1645 2846 1748 2880; x_wconf 89' lang='lat' dir='ltr'>verbo</span> 
     </span>
     <span class='ocr_line' id='line_1_117' title="bbox 967 2889 1748 2942; baseline 0.008 -18"><span class='ocrx_word' id='word_1_703' title='bbox 967 2889 1092 2925; x_wconf 88' lang='lat' dir='ltr'>Christi</span> <span class='ocrx_word' id='word_1_704' title='bbox 1103 2893 1218 2927; x_wconf 89' lang='lat' dir='ltr'>nititur</span> <span class='ocrx_word' id='word_1_705' title='bbox 1229 2916 1239 2932; x_wconf 89' lang='lat'>‚</span> <span class='ocrx_word' id='word_1_706' title='bbox 1252 2894 1309 2942; x_wconf 87' lang='lat' dir='ltr'>qui</span> <span class='ocrx_word' id='word_1_707' title='bbox 1323 2894 1354 2927; x_wconf 93' lang='lat' dir='ltr'>in</span> <span class='ocrx_word' id='word_1_708' title='bbox 1368 2893 1451 2928; x_wconf 88' lang='lat' dir='ltr'>hanc</span> <span class='ocrx_word' id='word_1_709' title='bbox 1471 2906 1538 2928; x_wconf 88' lang='lat' dir='ltr'>rem</span> <span class='ocrx_word' id='word_1_710' title='bbox 1551 2894 1748 2941; x_wconf 81' lang='lat' dir='ltr'>potestatem</span> 
     </span>
     <span class='ocr_line' id='line_1_118' title="bbox 965 2938 1748 2990; baseline 0.005 -16"><span class='ocrx_word' id='word_1_711' title='bbox 965 2938 1052 2974; x_wconf 89' lang='lat' dir='ltr'>suam</span> <span class='ocrx_word' id='word_1_712' title='bbox 1063 2939 1429 2988; x_wconf 84' lang='lat' dir='ltr'>delegatSacerdotibus</span> <span class='ocrx_word' id='word_1_713' title='bbox 1439 2965 1451 2982; x_wconf 86' lang='lat'>,</span> <span class='ocrx_word' id='word_1_714' title='bbox 1465 2943 1617 2990; x_wconf 89' lang='lat' dir='ltr'>inquiens</span> <span class='ocrx_word' id='word_1_715' title='bbox 1632 2959 1640 2978; x_wconf 69' lang='grc' dir='ltr'><strong><em>ε</em></strong></span> <span class='ocrx_word' id='word_1_716' title='bbox 1659 2945 1748 2979; x_wconf 89' lang='lat' dir='ltr'>Sicu-t</span> 
     </span>
     <span class='ocr_line' id='line_1_119' title="bbox 966 2987 1748 3039; baseline 0.006 -18"><span class='ocrx_word' id='word_1_717' title='bbox 966 3000 1020 3022; x_wconf 88' lang='lat' dir='ltr'>me</span> <span class='ocrx_word' id='word_1_718' title='bbox 1039 2987 1125 3024; x_wconf 85' lang='lat' dir='ltr'>misit</span> <span class='ocrx_word' id='word_1_719' title='bbox 1140 2992 1252 3030; x_wconf 85' lang='lat' dir='ltr'>Pater,</span> <span class='ocrx_word' id='word_1_720' title='bbox 1270 2995 1378 3037; x_wconf 88' lang='lat' dir='ltr'>&amp;ego</span> <span class='ocrx_word' id='word_1_721' title='bbox 1397 2993 1497 3026; x_wconf 89' lang='lat' dir='ltr'>mitto</span> <span class='ocrx_word' id='word_1_722' title='bbox 1519 2998 1597 3027; x_wconf 63' lang='grc' dir='ltr'>νοεῖ</span> <span class='ocrx_word' id='word_1_723' title='bbox 1610 2994 1748 3039; x_wconf 82' lang='lat' dir='ltr'>accipite</span> 
     </span>
     <span class='ocr_line' id='line_1_120' title="bbox 965 3037 1748 3087; baseline 0.004 -17"><span class='ocrx_word' id='word_1_724' title='bbox 965 3037 1119 3084; x_wconf 86' lang='lat' dir='ltr'>Spiritum</span> <span class='ocrx_word' id='word_1_725' title='bbox 1131 3038 1274 3074; x_wconf 67' lang='lat' dir='ltr'>sanetum</span> <span class='ocrx_word' id='word_1_726' title='bbox 1286 3054 1294 3074; x_wconf 89' lang='lat'><strong>:</strong></span> <span class='ocrx_word' id='word_1_727' title='bbox 1304 3050 1447 3086; x_wconf 89' lang='lat' dir='ltr'>quorum</span> <span class='ocrx_word' id='word_1_728' title='bbox 1469 3041 1656 3076; x_wconf 86' lang='lat' dir='ltr'>remiseritis</span> <span class='ocrx_word' id='word_1_729' title='bbox 1668 3052 1748 3087; x_wconf 88' lang='lat' dir='ltr'>pec-</span> 
     </span>
     <span class='ocr_line' id='line_1_121' title="bbox 966 3087 1746 3136; baseline 0.003 -16"><span class='ocrx_word' id='word_1_730' title='bbox 966 3096 1046 3125; x_wconf 87' lang='lat' dir='ltr'>cata,</span> <span class='ocrx_word' id='word_1_731' title='bbox 1058 3087 1270 3122; x_wconf 89' lang='lat' dir='ltr'>remittuntur</span> <span class='ocrx_word' id='word_1_732' title='bbox 1283 3089 1338 3122; x_wconf 82' lang='lat' dir='ltr'>eis.</span> <span class='ocrx_word' id='word_1_733' title='bbox 1366 3089 1427 3122; x_wconf 90' lang='lat' dir='ltr'>Sed</span> <span class='ocrx_word' id='word_1_734' title='bbox 1436 3090 1513 3136; x_wconf 87' lang='lat' dir='ltr'>quia</span> <span class='ocrx_word' id='word_1_735' title='bbox 1521 3101 1629 3124; x_wconf 87' lang='lat' dir='ltr'>tamen</span> <span class='ocrx_word' id='word_1_736' title='bbox 1644 3088 1746 3123; x_wconf 77' lang='lat' dir='ltr'>sacer-</span> 
     </span>
     <span class='ocr_line' id='line_1_122' title="bbox 966 3134 1748 3183; baseline 0 -12"><span class='ocrx_word' id='word_1_737' title='bbox 966 3134 1027 3171; x_wconf 79' lang='lat' dir='ltr'>dos</span> <span class='ocrx_word' id='word_1_738' title='bbox 1039 3147 1106 3169; x_wconf 90' lang='lat' dir='ltr'>non</span> <span class='ocrx_word' id='word_1_739' title='bbox 1119 3134 1223 3171; x_wconf 76' lang='lat' dir='ltr'>solum</span> <span class='ocrx_word' id='word_1_740' title='bbox 1237 3136 1337 3172; x_wconf 87' lang='lat' dir='ltr'>habet</span> <span class='ocrx_word' id='word_1_741' title='bbox 1350 3137 1546 3183; x_wconf 87' lang='lat' dir='ltr'>potestatem</span> <span class='ocrx_word' id='word_1_742' title='bbox 1570 3140 1748 3173; x_wconf 87' lang='lat' dir='ltr'>remitten-</span> 
     </span>
     <span class='ocr_line' id='line_1_123' title="bbox 965 3182 1747 3234; baseline 0.003 -17"><span class='ocrx_word' id='word_1_743' title='bbox 965 3183 1011 3222; x_wconf 84' lang='lat' dir='ltr'>di,</span> <span class='ocrx_word' id='word_1_744' title='bbox 1023 3182 1137 3219; x_wconf 72' lang='lat' dir='ltr'>verum</span> <span class='ocrx_word' id='word_1_745' title='bbox 1150 3187 1247 3221; x_wconf 90' lang='lat' dir='ltr'>etiam</span> <span class='ocrx_word' id='word_1_746' title='bbox 1259 3186 1396 3233; x_wconf 88' lang='lat' dir='ltr'>ligandi,</span> <span class='ocrx_word' id='word_1_747' title='bbox 1410 3186 1485 3225; x_wconf 69' lang='lat' dir='ltr'>esim</span> <span class='ocrx_word' id='word_1_748' title='bbox 1502 3198 1637 3234; x_wconf 89' lang='lat' dir='ltr'>vtraque</span> <span class='ocrx_word' id='word_1_749' title='bbox 1651 3185 1747 3220; x_wconf 82' lang='lat' dir='ltr'>simul</span> 
     </span>
     <span class='ocr_line' id='line_1_124' title="bbox 966 3232 1744 3281; baseline 0.003 -15"><span class='ocrx_word' id='word_1_750' title='bbox 966 3232 1127 3268; x_wconf 87' lang='lat' dir='ltr'>diuinitus</span> <span class='ocrx_word' id='word_1_751' title='bbox 1137 3235 1303 3270; x_wconf 78' lang='lat' dir='ltr'>tradatur:</span> <span class='ocrx_word' id='word_1_752' title='bbox 1318 3235 1447 3270; x_wconf 88' lang='lat' dir='ltr'>videtur</span> <span class='ocrx_word' id='word_1_753' title='bbox 1459 3247 1589 3269; x_wconf 88' lang='lat' dir='ltr'>eatenus</span> <span class='ocrx_word' id='word_1_754' title='bbox 1600 3234 1744 3281; x_wconf 86' lang='lat' dir='ltr'>potesta-</span> 
     </span>
    </p>
   </div>
   <div class='ocr_carea' id='block_1_14' title="bbox 965 3281 1745 3377">
    <p class='ocr_par' dir='ltr' id='par_1_17' title="bbox 965 3281 1745 3377">
     <span class='ocr_line' id='line_1_125' title="bbox 965 3281 1745 3367; baseline 0.003 -51"><span class='ocrx_word' id='word_1_755' title='bbox 965 3290 1034 3318; x_wconf 83' lang='lat' dir='ltr'>tem</span> <span class='ocrx_word' id='word_1_756' title='bbox 1043 3281 1211 3331; x_wconf 77' lang='lat' dir='ltr'>iudicandi</span> <span class='ocrx_word' id='word_1_757' title='bbox 1222 3285 1542 3367; x_wconf 59' lang='lat' dir='ltr'>aceipere&#39;qugegus</span> <span class='ocrx_word' id='word_1_758' title='bbox 1555 3283 1573 3316; x_wconf 86' lang='lat' dir='ltr'>h</span> <span class='ocrx_word' id='word_1_759' title='bbox 1579 3285 1614 3337; x_wconf 50' lang='grc' dir='ltr'>ξιξ</span> <span class='ocrx_word' id='word_1_760' title='bbox 1626 3281 1745 3319; x_wconf 86' lang='lat' dir='ltr'>vtriuf-</span> 
     </span>
     <span class='ocr_line' id='line_1_126' title="bbox 1505 3343 1613 3377; baseline -0.009 -12"><span class='ocrx_word' id='word_1_761' title='bbox 1505 3356 1513 3365; x_wconf 90' lang='lat'><em>.</em></span> <span class='ocrx_word' id='word_1_762' title='bbox 1554 3343 1613 3377; x_wconf 66' lang='grc' dir='ltr'>ω).</span> 
     </span>
    </p>
   </div>
  </div>
 </body>
</html>
