2113 3674
272 213 352 248 940

719 193 1154 232 ADMONITIO
1212 195 1500 231 VLTIMA

285 261 426 298 modum
452 271 565 296 tamen
590 256 906 293 communicationis
933 256 952 290 a
978 255 1079 291 nobis
1127 253 1249 292 nescio.
1272 267 1375 302 quum
1397 268 1506 292 tamen
1533 255 1572 292 ad
1592 257 1808 294 conflandum
1833 258 1932 293 nobis
1980 292 1993 301 l

288 310 475 350 mirabilem
486 314 518 346 &
534 307 808 355 supernaturalem
820 306 916 341 flatui
932 305 1082 352 peraeque
1130 306 1247 339 odium
1261 316 1331 339 tota
1341 318 1456 341 eorum
1468 307 1581 341 tendat
1594 309 1758 344 recitatio,
1767 307 1931 355 probabi·

291 373 411 397 notum
424 360 477 394 est.
494 358 555 393 Sed
566 357 642 404 quia
653 355 717 390 hoc
729 367 838 391 totum
852 356 1024 402 proprium
1038 354 1083 390 est
1132 356 1162 389 le
1170 354 1215 388 est
1225 353 1281 388 vbi
1292 356 1473 402 pugnando
1487 356 1591 403 magis
1601 356 1700 404 quam
1713 357 1870 391 docendo
1882 369 1936 391 at-

289 410 424 446 secundi
437 405 624 442 membri&
644 405 874 452 intempestiue
895 404 949 439 hic
960 405 1086 451 ingeri-

289 470 432 500 tur‚non
445 455 579 504 longius
600 453 787 502 prosequar.
819 455 910 490 Nam
922 453 1015 501 quod
1027 454 1085 488 ad-

293 509 390 546 dunt,
404 518 472 540 non
485 503 590 540 modo
604 502 742 538 verbum
754 502 901 538 audibile
911 502 1088 550 spectanda

294 557 367 596 esse,
381 555 433 591 sed
444 552 585 589 visibilia
595 552 694 601 signa,
706 565 778 601 quae
792 553 870 588 ideo
884 552 1089 600 Augustinus

295 605 436 642 visibilia
448 603 547 638 verba
559 613 747 650 nuncupat,
764 601 903 637 minime
916 600 1014 635 nobis
1030 601 1086 633 ad-

295 654 421 692 uersum
433 653 547 700 esttqui
559 650 684 698 vbique
695 652 853 686 docemus
866 649 955 699 signa
965 661 1091 697 appen-

294 706 384 740 dices
399 701 460 737 eise
471 707 502 739 &
517 700 619 749 sigilla
630 699 747 736 Verbi.
758 700 948 747 Simplicior
964 711 1044 747 ergo
1058 702 1092 734 &

293 755 416 789 reetior
428 753 488 787 erit
505 751 572 785 haec
584 749 738 785 definitio
751 748 847 784 causa:
859 747 1006 784 formalis
1018 771 1026 785 ,
1041 746 1091 780 es-

295 801 327 838 se
344 802 538 837 mandatum
559 812 627 848 quo
640 798 791 834 Christus
803 799 843 833 ad
863 796 940 832 sacri
952 795 1090 844 symboli

295 850 588 900 participationem
600 861 662 883 nos
674 845 1027 895 inuitat,pr0miffione
1035 845 1092 879 ad-

297 902 376 936 dita.
392 903 431 935 In
443 897 532 934 causa
543 898 643 933 etiam
656 897 747 932 finali
759 908 823 931 tam
835 896 986 944 perplexe
997 893 1038 928 ab
1050 895 1093 928 il-

295 951 334 985 lis
349 961 397 985 res
411 949 514 984 varias
527 945 852 994 inuolui‚propositae
863 944 1027 980 methodo
1040 956 1093 978 re-

293 1009 431 1048 pugnat.
445 997 649 1045 promittunt
661 997 749 1030 enim
762 996 849 1030 tituli
863 1019 873 1035 ,
889 995 1092 1029 concinnum

292 1055 327 1085 δι
340 1046 602 1096 pulcherrimum
615 1044 841 1080 distinfflonis
855 1045 1093 1090 ortlinemzpo-

293 1098 360 1135 stea
383 1096 568 1145 suggeritur
588 1094 750 1142 indigesta
774 1094 879 1128 moles
891 1118 901 1126 .
935 1092 997 1127 Sed
1016 1092 1094 1139 quia

294 1147 380 1183 mihi
399 1143 609 1194 propositum
622 1155 692 1178 nori
715 1144 758 1178 est
772 1142 915 1178 docendi
933 1154 1030 1189 quam
1041 1152 1093 1176 te-

294 1206 376 1232 nent
396 1195 583 1233 rationein,
601 1192 678 1228 licet
700 1190 889 1240 displiceat,
912 1191 1093 1226 traducere:

295 1244 426 1281 tantfim
438 1243 617 1279 calumnias
635 1241 756 1288 quibus
771 1241 889 1276 iniuste
903 1253 1089 1289 grauamur,

296 1295 444 1330 breuiter
456 1293 582 1328 diluere
602 1289 750 1327 sufficiet.
778 1292 972 1338 Diligenter
982 1288 1092 1324 consi-

295 1345 402 1380 derari
415 1343 533 1378 volunt
545 1340 637 1389 quod
650 1338 823 1388 promissio
836 1340 946 1387 gratiae
970 1351 1039 1373 non
1052 1339 1094 1375 ad

294 1393 384 1429 esum
397 1393 490 1440 panis
506 1387 624 1431 solius,
643 1390 696 1426 sed
707 1390 746 1424 ad
763 1388 889 1424 Christi
902 1400 1021 1435 corpus
1032 1388 1094 1424 ad-

294 1444 379 1479 reeta
390 1442 448 1477 sit:
460 1451 496 1476 vt
507 1452 623 1476 contra
640 1451 704 1475 nos
716 1439 881 1478 doceant,
903 1450 973 1472 non
985 1438 1094 1484 appli-

294 1492 360 1528 cati
373 1487 601 1526 remiffionem
618 1490 797 1537 peccatorfi
810 1500 866 1535 per
878 1485 942 1521 sola
955 1485 1094 1535 symbo-

294 1542 335 1577 la.
355 1540 463 1588 Atqui
477 1539 589 1574 multis
601 1537 677 1574 ante
694 1538 788 1573 annis
801 1538 865 1584 qua
875 1536 916 1571 sic
926 1537 1031 1571 locuti
1044 1535 1094 1571 es-

293 1590 434 1630 sent‚me
445 1586 599 1636 scripsisse
608 1586 699 1624 testis
710 1586 755 1622 est
766 1586 982 1633 mfidus,quia
994 1585 1094 1620 bonis

293 1638 421 1676 Christi
433 1649 502 1673 non
512 1638 764 1672 cnmunicamus
787 1635 897 1670 donec
908 1633 975 1683 ipse
985 1636 1096 1670 noster

293 1688 333 1725 sit
345 1713 356 1730 ‚
376 1688 435 1736 qui
447 1687 638 1735 legitimum
655 1698 693 1720 ex
705 1686 814 1720 Coena
827 1682 972 1720 fructum
984 1684 1094 1733 perci-

294 1751 371 1788 pere
384 1733 504 1772 volunt
513 1759 525 1775 ‚
538 1734 687 1770 deberea
701 1733 839 1770 Christo
851 1732 921 1782 ipso
935 1734 1094 1781 incipere:

293 1799 336 1824 vt*
349 1786 485 1834 corpori
502 1785 571 1819 eius
590 1783 678 1819 insiti
696 1807 707 1824 ,
733 1795 791 1831 per
805 1785 874 1818 eius
897 1782 1095 1818 sacrificium

295 1834 660 1874 Dee-reconcilientur.
679 1833 834 1881 Longius
850 1832 973 1867 deinde
987 1831 1095 1879 profi-

294 1888 332 1922 lit
343 1884 506 1921 calumnia
517 1909 527 1927 ,
540 1895 602 1916 nos
618 1884 881 1930 applicationem
895 1880 1094 1917 remissionis

295 1944 509 1984 peccatorum
521 1943 639 1979 negare
658 1932 692 1964 in
705 1932 814 1965 Coena
829 1929 913 1964 fieri.
929 1930 1018 1979 quasi
1034 1943 1095 1965 ve-

294 1988 332 2021 ro
355 1980 588 2031 applicationis
606 1991 729 2014 noi-nen
744 1981 882 2026 proprio
895 1985 926 2015 &
944 1980 1095 2028 genuino

296 2032 387 2069 sensu
399 2044 467 2066 non
488 2027 653 2077 vsurpem.
681 2028 770 2062 Nam
784 2027 876 2074 quod
902 2029 946 2062 ita
966 2041 1029 2062 nos
1043 2041 1096 2063 ra.

296 2082 450 2118 tiocimri
462 2080 600 2117 dicunt,
629 2077 704 2112 Sola
716 2075 784 2111 fide
796 2075 1024 2111 iustificamur:
1042 2089 1094 2111 er-

296 2145 340 2181 go
353 2143 422 2166 non
440 2141 498 2178 pei·
509 2130 725 2163 Sacramenta.
750 2137 818 2159 non
837 2125 922 2160 adeo
935 2125 1030 2159 rudes
1043 2124 1094 2159 su-

297 2180 468 2228 mus.quin
479 2176 616 2213 sciamus
629 2177 851 2213 Sacramenta,
865 2184 1024 2222 quatenus
1035 2173 1095 2208 ad-

297 2230 455 2265 minicula
467 2227 538 2261 sunt
552 2225 653 2264 fidei,
679 2224 835 2259 iustitiam
847 2235 983 2270 quoque
997 2221 1096 2258 nobis

285 2273 337 2315 *in
350 2273 486 2314 Christo
505 2273 636 2310 offerre.
654 2272 726 2307 imo
744 2285 844 2319 quum
860 2271 1098 2319 optimeainter

298 2340 361 2364 nos
375 2335 552 2362 conueniat
569 2347 580 2364 ,
599 2322 718 2357 eodem
732 2322 765 2355 in
779 2320 881 2369 gradu
896 2321 1035 2355 locanda
1046 2318 1097 2355 es·-

300 2377 331 2413 se
341 2379 560 2413 Sacramenta,
570 2385 638 2420 quo
650 2370 819 2406 Verbum:
833 2369 924 2405 sicuti
939 2370 1095 2417 Euange-

303 2427 386 2462 lium
406 2434 544 2459 vocatur
561 2421 715 2457 Potentia
727 2420 795 2454 Dei
807 2420 840 2453 in
852 2418 985 2453 salutem
1002 2418 1099 2452 omni

303 2474 454 2510 credenti
466 2497 477 2512 ‚
489 2472 578 2507 idem
588 2470 736 2518 elogium
749 2468 789 2503 ad
800 2471 1006 2503 Sacramenta
1016 2465 1100 2503 tras-

304 2523 387 2559 ferre
403 2535 471 2557 nori
490 2519 693 2556 dubi-tamus.
715 2529 794 2564 ergo
810 2517 871 2552 nisi
891 2530 948 2552 eos
962 2529 1103 2564 carpen-

306 2574 340 2609 di
360 2569 604 2621 mordendiqpe
620 2566 728 2602 libido
740 2566 778 2601 ad
788 2579 848 2600 nos
862 2566 983 2615 quouis
995 2565 1100 2600 modo

306 2620 519 2670 exagitandos
544 2617 730 2665 impelleret
751 2639 761 2656 ,
784 2627 838 2649 cur
858 2615 912 2651 hic
924 2625 1100 2662 tantopere

305 2667 576 2706 excandescerent
588 2666 676 2701 nulla
684 2676 750 2700 erat
762 2662 860 2699 causa.
872 2677 979 2713 neque
986 2675 1100 2699 tamen

308 2731 424 2755 eorum
446 2716 713 2752 maledicentiam
733 2725 864 2753 moror,
882 2713 986 2748 modo
999 2712 1100 2748 testa-

309 2780 381 2804 tum
394 2767 432 2801 sit
454 2765 654 2802 lectoribus,
675 2774 736 2797 nos
754 2772 868 2810 praeter
885 2762 1042 2797 meritum
1063 2775 1100 2797 a-

309 2817 408 2853 lienis
424 2813 577 2863 siffisque
589 2811 790 2849 criminibus
804 2812 942 2845 onerari.
953 2811 1102 2857 Qando

310 2877 422 2901 autern
440 2864 565 2912 vbique
586 2863 763 2900 docemus.
783 2871 896 2895 verum
911 2860 970 2895 esse
985 2862 1101 2896 Coenae

312 2915 416 2951 finem
435 2937 446 2952 ,
465 2924 502 2947 vt
523 2925 580 2960 per
600 2910 726 2948 Christi
747 2907 939 2945 sacrificium
956 2912 1036 2945 Deo
1049 2921 1102 2944 re-

312 2962 484 3000 conciliati
503 2984 515 3001 ,
535 2961 668 2997 salutem
689 2957 929 3007 consequamur
945 2982 955 2997 ,
974 2959 1102 2994 nemini

312 3012 508 3061 ambiguum
520 3008 580 3045 esse
590 3007 698 3057 potest
711 3009 765 3043 vel
785 3006 958 3042 obscurum
971 3031 982 3047 ,
1002 3007 1104 3054 quam

313 3060 455 3110 indigne
473 3059 604 3107 pietatis
623 3060 786 3093 elementa
803 3055 902 3092 nobis
924 3058 1101 3091 excutiant.

312 3115 508 3157 Antequam
526 3108 660 3155 longius
672 3107 886 3157 progrediar,
907 3106 1017 3152 paucis
1037 3107 1102 3140 ite-

314 3173 390 3196 rum
401 3157 565 3194 monendi
579 3156 650 3190 sunt
659 3157 812 3196 lectores,
827 3155 904 3204 quia
917 3153 1103 3190 docuinam

313 3209 457 3244 nostram
470 3207 565 3240 variis
580 3205 689 3239 modis
699 3203 876 3240 obscurant
889 3203 938 3238 vel
950 3204 1104 3238 extenuit

313 3253 637 3306 Magdebuiigenses‚
657 3266 695 3288 ex
706 3267 822 3289 eorum
836 3254 936 3288 relatu
957 3263 1027 3286 non
1043 3252 1104 3286 de-

314 3307 393 3344 bere
409 3304 573 3343 estimari.
593 3303 714 3340 Errore
727 3315 768 3338 an
784 3303 910 3339 malitia
925 3300 960 3338 id
974 3298 1104 3342 faciant,

1135 405 1220 438 tenti
1234 402 1306 438 sunt
1319 428 1330 444 ,
1351 403 1560 440 non'sincere*
1583 417 1643 439 nec
1658 405 1802 440 fideliter
1817 405 1936 440 nobis-

1137 465 1210 487 cum
1221 465 1327 500 agere.
1347 455 1463 501 Itaque
1483 466 1524 487 ne
1549 452 1699 488 tenebras
1714 455 1875 490 leftoruni
1894 467 1938 489 o·-

1139 503 1219 536 culis
1231 500 1406 536 offundant
1423 503 1475 537 vel
1487 513 1644 537 contorta
1669 515 1785 537 eorum
1808 501 1940 551 sophis-

1139 562 1238 589 mata,
1250 552 1302 585 vel
1315 551 1439 586 odiosae
1452 563 1531 599 quas
1544 551 1643 586 nobis
1658 550 1849 587 adscribunt
1864 553 1940 588 sen-

1140 601 1263 639 tentiae,
1275 598 1329 634 hic
1339 602 1487 635 testatum
1501 599 1560 634 effe
1572 601 1741 640 volo‚n0n
1753 602 1798 636 ita
1809 613 1872 636 nos
1884 615 1942 638 ex-

1141 659 1231 683 terna
1247 649 1390 696 symbola
1402 650 1419 684 a
1431 649 1556 684 Christi
1572 662 1667 684 carne
1677 654 1708 686 δι
1718 649 1876 698 sanguine
1887 651 1942 687 di·-

1140 696 1300 738 scernere,
1313 699 1395 746 quin
1405 698 1494 738 vere,
1510 698 1610 746 re'que
1621 696 1686 746 ipsa
1699 700 1826 747 praestet
1838 699 1943 736 Chri-

1141 746 1205 782 stus
1219 758 1316 796 atque
1341 749 1475 794 impleat
1488 748 1580 795 quod
1606 747 1727 796 figurat
1740 746 1797 783 sub
1815 753 1944 796 pane&

1141 797 1233 831 vino:
1248 809 1366 844 nempe
1381 809 1511 831 carnem
1525 795 1611 831 suam
1630 796 1690 833 csse
1700 797 1801 832 nobis
1812 796 1942 839 cibum,

1140 843 1333 892 [inguinem
1355 846 1415 881 esse
1435 857 1566 894 potum.
1593 847 1722 882 Fideles
1745 859 1826 895 ergo
1836 847 1943 882 tradi-

1143 907 1216 929 mus
1227 895 1303 929 vere
1315 896 1563 930 communicare
1576 895 1712 931 Christo
1725 898 1758 930 in
1770 896 1854 931 sacra
1863 897 1943 932 Coe-

1144 956 1185 978 na
1199 967 1210 984 ,
1228 943 1344 992 illique
1359 946 1504 992 recipere
1524 946 1617 993 quod
1629 943 1767 980 offertur
1779 944 1946 993 spirituale

1141 994 1348 1028 alimentum.
1374 991 1538 1028 Facess'ant
1558 992 1613 1028 hic
1625 995 1747 1042 putidae
1760 994 1944 1035 calumniat,

1141 1042 1225 1077 nihil
1239 1055 1300 1077 nos
1311 1043 1496 1090 relinquere
1521 1054 1638 1090 praeter
1650 1044 1748 1077 inane
1760 1042 1939 1090 speeirum.

1141 1092 1217 1139 quia
1229 1091 1373 1140 ingenue
1392 1091 1532 1127 antehac
1547 1089 1682 1140 professi
1696 1092 1804 1127 sumus
1819 1094 1944 1128 verita-

1141 1152 1209 1176 tem
1221 1143 1265 1175 ita
1288 1140 1389 1189 signis
1410 1143 1626 1177 coniunCAEam
1647 1140 1729 1182 esse,
1746 1152 1783 1176 vt
1793 1154 1864 1176 non
1875 1142 1942 1177 mi-

1141 1203 1202 1225 nus
1214 1190 1291 1226 vere
1301 1193 1408 1240 anime
1417 1190 1534 1226 nostrae
1545 1188 1704 1239 spirituali
1716 1189 1795 1226 cibo
1805 1189 1949 1238 pascam,

1142 1251 1212 1279 tur,
1231 1240 1332 1288 quam
1344 1241 1438 1288 panis
1451 1245 1484 1277 &
1507 1240 1621 1275 vinum
1634 1240 1748 1289 lingua
1758 1241 1866 1276 nostra
1877 1253 1943 1290 gu-

1141 1288 1278 1324 stantur.
1305 1289 1435 1324 tanturn
1449 1291 1484 1324 in
1499 1289 1609 1324 modo*
1620 1287 1772 1324 dissensio
1784 1289 1829 1326 est
1843 1312 1854 1330 ,
1868 1291 1945 1338 quia

1142 1350 1204 1372 nos
1224 1337 1388 1374 visibilem
1404 1350 1523 1387 panem
1547 1339 1625 1374 ideo
1647 1339 1682 1373 in
1705 1349 1790 1374 terra
1815 1340 1947 1388 porrigi

1142 1387 1355 1429 sentimus‚vt
1365 1388 1431 1423 fide'
1446 1387 1565 1423 sursum
1579 1386 1803 1423 conscendant
1813 1387 1944 1430 fideles,

1143 1448 1242 1486 atque
1253 1450 1365 1472 arcana
1385 1438 1526 1484 Spiritus
1550 1437 1671 1474 virtute
1694 1435 1832 1473 Christo
1845 1438 1946 1486 capiti

1143 1485 1201 1521 suo
1213 1488 1378 1522 vniantur.
1400 1486 1468 1523 Etsi
1479 1498 1592 1522 autem
1615 1488 1720 1522 vitam
1733 1498 1771 1521 ex
1785 1499 1882 1522 carne
1893 1486 1947 1523 sua

1143 1541 1176 1573 δε
1189 1535 1345 1585 sanguine
1355 1535 1457 1572 nobis
1471 1534 1606 1583 inspirat
1617 1534 1946 1585 Christusmegamus

1143 1597 1256 1622 tamen
1267 1585 1340 1621 fieri
1357 1586 1638 1621 commixtionem
1657 1584 1852 1621 substantiae.
1866 1586 1947 1633 quia

1144 1636 1225 1671 dum
1248 1637 1351 1671 vitam
1364 1648 1402 1670 ex
1415 1634 1591 1670 substantia
1610 1635 1715 1669 carnis
1726 1639 1759 1671 &
1776 1633 1946 1683 sanguinis

1143 1685 1348 1732 percipimus
1367 1708 1379 1724 ,
1401 1694 1514 1719 manet
1543 1694 1655 1720 tamen
1679 1684 1811 1730 integer
1837 1684 1948 1720 homo

1146 1733 1298 1769 Christus
1311 1734 1344 1768 in
1359 1733 1459 1768 coelo.
1482 1735 1563 1768 Hoc
1573 1732 1677 1768 modo
1700 1733 1719 1768 a
1730 1731 1831 1767 nobis
1846 1745 1949 1781 repu-

1144 1783 1254 1818 diatur
1265 1795 1337 1831 quae
1348 1782 1388 1818 ab
1397 1784 1467 1817 aliis
1480 1782 1621 1832 fingitur
1633 1783 1785 1830 corporis
1797 1784 1949 1818 immen-

1144 1832 1230 1867 sitas.
1253 1844 1362 1880 neque
1379 1833 1469 1866 enim
1489 1843 1524 1867 vt
1536 1843 1598 1866 nos
1619 1830 1727 1878 pascat
1738 1843 1775 1866 ac
1796 1831 1949 1867 viuificet

1145 1880 1298 1917 Christus
1311 1894 1406 1917 carne
1415 1879 1481 1921 sua,
1494 1888 1566 1916 eam
1579 1879 1638 1916 sub
1647 1892 1732 1929 pane
1741 1879 1868 1916 includi
1881 1890 1946 1915 ne-

1145 1930 1225 1967 cesse
1235 1930 1281 1966 est
1292 1955 1303 1971 ,
1317 1941 1352 1966 vt
1362 1931 1380 1966 a
1391 1929 1491 1965 nobis
1501 1939 1647 1964 voretur.
1674 1931 1806 1963 Interea
1827 1938 1896 1962 non
1906 1940 1946 1963 a—

1144 1981 1214 2016 liud
1235 1980 1337 2028 quam
1359 1991 1474 2014 verum
1503 1983 1538 2014 &
1561 1977 1707 2012 naturale
1733 1987 1854 2022 corpus
1875 1976 1946 2011 illie

1144 2030 1290 2078 proponi
1310 2029 1538 2063 docemuszvt
1549 2024 1605 2060 hic
1626 2025 1724 2060 etiam
1744 2020 1819 2058 satis
1839 2036 1946 2073 appa-

1143 2089 1212 2114 reat
1233 2077 1343 2112 hostes
1367 2075 1499 2111 nostros
1520 2086 1634 2123 parum
1656 2071 1802 2121 ingenue
1821 2085 1944 2121 agere,

1145 2128 1224 2162 dum
1233 2136 1406 2172 tantopere
1415 2123 1601 2159 cotendunt
1612 2122 1702 2157 idern
1715 2133 1836 2169 corpus
1845 2122 1942 2170 quod

1145 2176 1179 2209 i‘n
1199 2187 1292 2209 cruce
1303 2173 1461 2221 pependit
1479 2171 1576 2206 nobis
1588 2171 1840 2206 communicari.
1857 2183 1942 2219 qua-

1145 2224 1168 2259 si
1181 2224 1260 2258 vero
1274 2221 1436 2270 fingamus
1455 2219 1627 2256 Christum
1651 2218 1884 2267 bicorporem:
1902 2232 1942 2256 ac

1146 2286 1215 2307 non
1241 2273 1352 2319 potius
1376 2269 1536 2305 testentur
1554 2267 1671 2316 scripta
1694 2268 1804 2303 nostra
1822 2268 1864 2303 ab
1885 2281 1943 2305 ea-

1147 2322 1221 2357 dem
1235 2332 1329 2355 carne
1341 2319 1519 2367 petendam
1537 2315 1598 2353 esse
1609 2317 1712 2352 vitam
1725 2339 1736 2357 ,
1757 2317 1873 2365 quaein
1891 2316 1944 2352 sa-

1146 2369 1275 2404 crificio
1287 2368 1383 2404 semel
1394 2367 1505 2403 oblata
1518 2366 1576 2402 est.
1606 2365 1758 2402 Tantum
1771 2367 1806 2402 in
1815 2377 1857 2402 eo
1868 2377 1946 2402 ver-

1145 2420 1227 2455 titur
1237 2417 1375 2469 quaestio
1393 2440 1404 2458 ,
1424 2414 1636 2465 pascamfirne
1657 2413 1786 2451 Christi
1803 2419 1946 2452 carne&

1147 2466 1306 2515 sanguine
1325 2467 1406 2502 dum
1420 2465 1462 2500 ab
1484 2467 1549 2500 illis
1562 2465 1665 2499 vitam
1680 2463 1748 2512 ipse
1764 2463 1865 2499 nobis
1888 2464 1948 2499 in-

1149 2517 1246 2564 spirat
1256 2539 1266 2556 ,
1281 2529 1321 2551 an
1332 2515 1413 2550 vcro
1424 2512 1548 2551 necesse
1559 2512 1596 2549 sit
1612 2511 1824 2549 substantiam
1837 2513 1946 2549 carnis

1149 2566 1167 2602 a
1177 2566 1276 2601 nobis
1285 2565 1441 2613 deglutiri
1455 2574 1491 2598 vt
1504 2563 1542 2599 sit
1550 2561 1650 2597 nobis
1660 2562 1694 2597 in
1706 2559 1946 2599 cibumzadiin-

1149 2615 1340 2664 guinem‚vt
1354 2613 1453 2648 nobis
1465 2611 1504 2648 sit
1513 2613 1547 2647 in
1557 2609 1947 2660 potum‚substantialitei·

1149 2664 1283 2699 hauriri.
1311 2663 1466 2698 Alterum
1483 2672 1580 2709 caput
1592 2658 1823 2696 controuersiae
1845 2658 1892 2694 est
1903 2659 1947 2695 de

1150 2712 1334 2763 promiscua
1346 2710 1694 2757 manducationezquia
1704 2720 1766 2743 nos
1777 2708 1821 2743 ita
1832 2705 1947 2744 afferi-

1149 2775 1222 2798 mus
1235 2759 1394 2797 omnibus
1411 2758 1524 2795 offerri
1543 2757 1666 2796 Christi
1677 2770 1807 2801 carnem
1821 2761 1854 2794 &
1871 2754 1947 2793 san-

1150 2813 1301 2860 guinem,
1314 2820 1350 2845 vt
1360 2808 1419 2846 soli
1434 2808 1549 2844 fideles
1563 2809 1597 2843 in
1619 2805 1778 2847 stimabili
1792 2805 1857 2841 hoc
1867 2805 1948 2842 the-

1150 2859 1242 2897 sauro
1254 2858 1403 2895 fruantur
1420 2872 1430 2894 2
1451 2857 1508 2893 etsi
1526 2870 1579 2898 au<
1603 2871 1636 2892 m
1657 2855 1870 2892 incredulitas
1895 2856 1947 2890 ia-

1150 2923 1248 2945 nuam
1263 2906 1400 2944 Christo
1414 2907 1535 2943 claudit
1546 2930 1556 2947 ‚
1572 2916 1610 2940 vt
1622 2906 1793 2954 priuentur
1804 2905 1874 2940 eius
1883 2902 1947 2947 be-¹

1150 2958 1276 2995 neficio
1284 2957 1391 3006 quiad
1401 2957 1546 2992 Coenam
1560 2953 1691 3002 impure
1706 2953 1946 2993 acceduntme-

1150 3019 1266 3057 gamus
1284 3018 1395 3042 tamen
1408 3005 1587 3054 quicquam
1605 3003 1764 3039 decedere
1776 3015 1815 3038 eit
1833 3004 1948 3039 Sacra·

1151 3057 1400 3093 mentinatura:
1420 3054 1496 3102 quia
1517 3053 1610 3102 panis
1620 3051 1748 3100 semper
1769 3062 1880 3086 verum
1898 3048 1946 3085 est

1150 3109 1272 3155 pignus
1280 3105 1383 3140 carnis
1393 3102 1569 3143 Christi,&
1578 3103 1694 3137 vinum
1702 3099 1945 3149 sanguini5‚ve-

1151 3154 1252 3203 risque
1263 3153 1431 3201 vtriusque
1444 3151 1610 3187 exhibitio
1626 3149 1751 3197 semper
1762 3147 1890 3182 constat
1901 3158 1942 3184 ex

1151 3215 1242 3253 parte
1252 3199 1524 3247 Dei.Aduersarij
1535 3199 1640 3236 nostri
1647 3210 1765 3245 corpus
1774 3195 1944 3246 &sangui-

1151 3266 1229 3289 nem
1243 3253 1287 3287 ita
1301 3251 1359 3287 sub
1368 3254 1495 3299 pane&
1513 3251 1595 3285 vino
1613 3247 1785 3285 includunt
1796 3269 1807 3286 ,
1826 3257 1861 3282 vt
1873 3245 1942 3281 siue

1152 3303 1217 3339 vlla
1227 3300 1295 3338 fide
1306 3312 1463 3338 vorentur
1472 3299 1514 3336 ab
1524 3299 1570 3335 im
1573 3298 1649 3347 piis.
1668 3295 1786 3333 Fidem
1795 3296 1945 3378 nostrai-ica

1850 3354 1920 3379 nun
