2113 3674
348 198 395 235 τά
407 221 409 224 ⁴

320 206 525 291 {insulsitatis
535 250 603 288 eius
612 245 889 299 piguerit.Qre
900 247 985 284 male
997 247 1126 284 diuinat

336 303 423 340 hanc
435 303 519 339 mihi
532 297 809 336 iracundiaefuiffe
820 296 958 334 causam.
993 300 1126 332 Intem-

338 352 466 403 pestiue
479 348 759 399 quoqumalteram
772 345 910 396 assignat
921 371 931 388 ,
951 345 1044 395 qudd
1057 347 1126 381 exi-

336 403 450 440 stimet
473 399 661 434 habendam
670 396 735 432 ‘esse
745 397 909 432 rationem
918 396 1138 444 antiquitatis·

337 453 374 487 in
387 448 594 486 caeremoniis
605 446 834 483 Ecclefiae.8ed
843 446 979 494 quando
993 444 1128 480 tandem

337 499 541 546 antiquarius
553 496 613 532 esse
625 497 749 545 coepit?
762 496 857 532 Vixit
869 495 955 542 apud
966 506 1019 529 me
1030 491 1129 529 farni-

337 549 460 584 liariter
470 563 478 584 z
487 546 601 582 'fidem
609 544 700 581 suam
713 547 747 580 in
759 545 819 580 hac
830 543 973 579 Ecclesia
987 565 998 582 ,
1016 547 1048 578 δι
1062 545 1130 576 Ar-

338 600 481 647 gentinae
500 595 586 644 apud
608 594 764 630 homines
783 593 901 629 nostrae
913 594 1034 641 linguae
1049 604 1131 639 pro-

338 644 434 683 fessus
446 645 491 680 est
505 659 514 680 :
533 657 573 680 an
583 644 725 689 verbulo
733 655 878 691 vnquam
891 639 1091 689 significauit
1101 639 1131 674 se

339 697 451 745 plures
471 695 684 730 caeremonias
704 703 857 741 appetere
867 692 966 737 quam
981 688 1080 724 nobis
1097 690 1142 724 in·

337 745 397 780 vsu
417 743 545 779 essent?
575 742 684 779 Addit
700 741 730 776 se
749 739 852 775 odisse
869 739 1051 773 iuuenilem
1072 739 1127 773 in-

339 795 536 842 temperiem
559 793 595 828 in
612 792 732 827 ordine
756 787 994 824 constituendo
1017 811 1028 827 ,
1060 796 1139 833 quae.

339 844 462 879 coelum
481 853 575 878 terrae
592 840 727 876 miscere
745 838 907 874 videatur.
934 837 1038 872 Dicas
1056 838 1132 871 Ne-

338 892 463 930 storem
488 891 632 939 aliquem
658 888 863 924 concionari.
901 885 954 922 sed
973 886 1143 934 quorsum¹

340 952 410 978 tam
428 941 544 989 putida
562 938 732 974 iafihntia:
748 936 809 972 acsi
821 936 923 971 vllum
935 947 1080 982 vnquam
1093 947 1131 969 e-

340 990 470 1028 didisset
480 991 532 1025 vel
542 987 724 1037 prudentiae
736 987 787 1021 vel
801 985 1042 1021 moderationis
1055 982 1129 1032 spe-

340 1040 451 1076 cimen
465 1044 481 1074 ἒ
503 1040 548 1074 Et
560 1048 670 1072 tamen
681 1047 716 1071 vt
727 1036 834 1083 aliqua
845 1034 1014 1084 grauitatis
1025 1031 1043 1067 s
1041 1034 1132 1081 pecie

339 1088 506 1138 superbiat
515 1111 524 1127 ,
533 1085 734 1122 cothurnum
748 1084 857 1119 induit
868 1107 879 1124 ,
901 1081 999 1130 sc'que
1011 1081 1132 1130 praedi-

340 1150 393 1175 cat
404 1150 500 1174 tanto
509 1137 615 1184 magis
626 1133 689 1170 esse
701 1131 905 1183 religiosum.
918 1129 1073 1167 Affirmet
1083 1129 1131 1165 sa-

339 1188 382 1224 ne
392 1211 402 1227 ,
415 1186 520 1222 modo
534 1197 636 1220 nemo
649 1184 769 1219 credat.
789 1184 878 1218 Nam
891 1180 984 1228 quod
996 1192 1049 1215 me
1059 1180 1132 1215 vult

339 1238 373 1273 id
386 1235 479 1272 fateri
493 1259 503 1275 ,
524 1234 701 1269 ridiculum
712 1232 759 1268 est
770 1255 780 1272 ,
804 1243 840 1267 vt
851 1232 923 1265 alia.
952 1232 1061 1278 Vrget
1071 1228 1131 1264 de-

339 1298 446 1325 mum,
460 1284 482 1320 si
496 1282 580 1319 male
593 1295 646 1317 me
655 1281 720 1317 hoc
732 1281 862 1319 habeat,
874 1291 911 1314 vt
922 1278 1066 1328 ingenue
1076 1278 1132 1313 di-

340 1347 410 1370 cam
424 1357 435 1374 ,
457 1332 582 1369 scilicet
593 1333 620 1367 is
631 1331 677 1367 est
689 1331 869 1366 Balduinus
879 1353 889 1368 ,
909 1329 1001 1364 cuius
1012 1340 1066 1363 me
1077 1328 1141 1362 iu·-

339 1384 467 1419 dicium
479 1393 551 1418 vrat
559 1383 598 1416 'ac
608 1382 743 1416 cruciet.
778 1381 853 1427 Ego
866 1378 946 1413 vero
958 1378 1039 1425 quid
1051 1376 1131 1412 futi-

339 1434 415 1468 liter
433 1433 554 1481 garriat
575 1430 722 1466 derebus
734 1426 966 1464 Ecclesiasticis
979 1426 1085 1462 homo
1096 1437 1132 1462 vt

339 1483 472 1531 pietatis
484 1491 597 1528 expers
609 1503 619 1519 ,
633 1480 678 1515 ita
690 1477 853 1513 sacrorum
863 1477 1018 1511 omnium
1032 1477 1131 1525 igna-

337 1530 493 1572 rus,nihil
506 1541 639 1565 motor:
655 1527 813 1564 modone
825 1525 1036 1562 clandestinis
1050 1525 1130 1560 arti-

337 1581 400 1616 bus
416 1581 545 1615 diruere
563 1578 719 1613 moliatur
744 1588 845 1624 quam
864 1574 978 1610 fideles
1004 1574 1132 1610 Christi

338 1629 423 1665 serui
443 1639 531 1677 purae
547 1627 723 1675 religionis
744 1625 932 1660 doctrinam
953 1624 1079 1672 erigere
1100 1628 1133 1660 &

338 1678 484 1716 stabilire
503 1676 633 1725 pridem
654 1676 765 1711 conari
786 1674 871 1709 sunt.
914 1675 1028 1718 Quare
1048 1673 1133 1708 nihil

337 1727 467 1764 stultius
477 1726 578 1774 quam
592 1723 738 1761 fraudem
752 1723 836 1759 mihi
848 1722 1009 1763 obiicere,
1016 1734 1052 1757 ac
1064 1721 1086 1757 si
1097 1735 1133 1757 a-

338 1778 421 1813 lium
434 1773 533 1811 causae
543 1775 660 1811 statum
672 1773 847 1821 fingerem.
869 1773 945 1820 Ego
957 1771 1084 1807 tametsi
1096 1784 1134 1806 ex

339 1826 451 1862 multis
482 1824 613 1860 idoneis
643 1823 780 1864 testibus
799 1832 1013 1869 compertum
1032 1820 1134 1855 habui

339 1875 540 1912 Balduinum
555 1884 632 1909 toto
653 1872 718 1907 hoc
734 1871 876 1906 biennio
897 1869 1085 1919 proditorie
1104 1869 1135 1905 se

340 1924 464 1974 geffiffe
474 1947 483 1961 ,
506 1923 609 1959 multa
619 1919 788 1956 sceleste&
801 1922 954 1968 nequiter
963 1931 1037 1954 cum
1072 1931 1132 1953 au-

341 1978 387 2010 cis
402 1973 448 2012 sui
461 1971 623 2008 similibus
633 1967 778 2019 agitasse,
793 1981 827 2004 ac
840 1969 1031 2004 intestinum
1059 1966 1134 2003 uisse

339 2022 492 2060 Ecclesia:
505 2019 802 2056 hostenncontinui
815 2031 868 2053 me
881 2028 1010 2052 tamen:
1021 2030 1056 2052 ac
1067 2018 1136 2053 eius

341 2071 532 2110 defectione
548 2069 686 2118 perinde
698 2068 813 2107 dolui,
833 2066 1006 2114 miserique
1017 2068 1137 2102 interi-

341 2134 413 2158 tum
434 2119 555 2156 defleui
567 2143 577 2159 ,
599 2118 660 2154 acsi
679 2129 849 2166 nunquam
869 2119 903 2150 in
915 2126 1013 2164 caput
1025 2128 1137 2150 meum

341 2184 420 2208 cum
438 2169 604 2218 improbis
615 2166 841 2202 nebulonibus
852 2163 1081 2212 conspirasset:
1102 2176 1136 2200 vt

344 2222 399 2256 vix
417 2219 610 2268 patientiam
626 2229 732 2252 meam
746 2213 868 2250 ferrent
881 2225 1008 2249 veteres
1019 2215 1090 2249 eius
1101 2226 1138 2248 a-

344 2270 436 2307 mici.
468 2270 547 2303 Hoc
565 2265 645 2302 vero
657 2275 804 2300 extremo
814 2265 888 2299 aetu
899 2264 992 2298 edito
1004 2286 1015 2303 ,
1032 2274 1138 2298 tacere

344 2318 430 2356 mihi
441 2330 509 2352 non
520 2313 710 2364 permisitz&
720 2326 830 2349 tamen
842 2317 1006 2361 impurum
1015 2324 1053 2347 os
1064 2324 1139 2360 per-

345 2367 476 2406 fricans,
489 2364 627 2402 subinde
636 2364 770 2412 rogitat,
783 2374 932 2410 quaenam
945 2375 998 2397 me
1011 2362 1137 2396 intem-

345 2417 494 2467 perantia
513 2425 627 2451 contra
639 2414 743 2460 ipsum
756 2412 915 2460 adegerit.
944 2409 1046 2460 Qsi
1057 2411 1138 2445 vero

347 2479 418 2502 non
432 2465 505 2513 plus
519 2462 592 2498 satis
603 2461 946 2508 mihitemperauerim
955 2484 965 2500 ‚
987 2472 1089 2508 quum
1101 2472 1138 2494 a·-

347 2515 485 2564 postatae
497 2513 705 2562 peperci,nec
715 2521 791 2544 ante
803 2510 854 2544 vel
866 2508 989 2545 sinistra
1003 2520 1086 2543 voce
1098 2509 1139 2543 esi

348 2564 500 2612 pupugi,
522 2562 623 2610 quam
636 2560 715 2595 dum
729 2558 813 2593 mihi
835 2557 994 2606 patefaefh
1005 2557 1068 2593 fuit
1080 2558 1139 2593 de-

349 2612 471 2661 sperata
483 2613 553 2647 eius
568 2607 777 2657 improbitas,
791 2607 848 2642 vbi
863 2606 891 2642 se
903 2608 1075 2644 Cardinali
1086 2616 1141 2641 aut

350 2664 459 2698 locare
471 2686 480 2702 ,
501 2672 555 2695 aut
572 2659 715 2694 vendere
727 2669 795 2691 non
810 2656 987 2693 dubitauit.
1014 2660 1076 2691 Per
1087 2667 1142 2691 me

351 2713 491 2759 impune
503 2706 676 2757 quieuisset
684 2706 848 2742 occultior
857 2706 924 2740 eius
932 2705 1141 2754 improbitas:

352 2760 407 2796 sed
424 2759 483 2794 vbi
496 2758 582 2794 vltro
597 2757 770 2804 prorupit,
793 2753 889 2801 sc‘que
903 2755 1082 2789 insolenter
1092 2755 1141 2788 ia-

355 2809 457 2845 &nuit
468 2831 478 2847 ,
500 2806 657 2855 quorsum
669 2805 788 2841 attinet
801 2804 841 2838 de
853 2815 885 2837 re
897 2804 1070 2851 conspicua
1081 2803 1142 2838 sci-

355 2857 488 2894 scitari?
512 2855 614 2891 Certe
626 2855 644 2890 Ξι
657 2867 709 2890 me
719 2852 867 2900 quaesitus
879 2865 946 2886 non
958 2853 1015 2888 est:
1028 2851 1143 2887 verum

353 2907 478 2943 ametiae
491 2904 543 2952 sue
554 2907 707 2952 imputet,
718 2902 740 2938 si
753 2901 931 2937 Ecclesiam
942 2913 1144 2951 oppugnan-

356 2955 402 2992 do
422 2956 457 2990 in
478 2966 581 2988 vnum
602 2966 638 2988 ex
650 2953 725 2988 fidis
737 2953 806 2986 eius
827 2950 1018 2986 custodibus
1030 2953 1142 2987 incur-

356 3006 398 3040 rit
409 3027 419 3043 ‚
438 3003 496 3050 qui
516 3015 636 3037 nocere
647 3012 808 3050 quantum
818 2998 952 3035 volebat
963 3000 1063 3047 passus
1074 3012 1144 3034 non

357 3053 458 3089 est.Se
468 3063 578 3087 tamen
590 3050 607 3085 ὲ
617 3062 683 3086 tam
695 3048 870 3085 manifesto
878 3049 1145 3097 criminepurga-

358 3113 431 3138 tum
444 3099 648 3137 existimat‚s1
662 3099 801 3134 verbulo
814 3110 884 3133 vno
896 3098 1035 3144 excipiat
1049 3097 1145 3133 fabu-

358 3153 404 3187 las
426 3163 478 3185 me
496 3163 532 3184 ex
543 3149 646 3183 triuio
657 3149 797 3195 arripere
808 3148 860 3182 vel
871 3146 1005 3182 nebulas
1014 3148 1144 3195 sparge-

358 3211 489 3249 re‚quas
511 3195 581 3245 ipso
600 3206 730 3232 tacente
753 3197 823 3232 dies
846 3196 974 3244 pridem
992 3195 1146 3231 discuffit.

359 3248 463 3298 Qasi
474 3243 554 3282 vero
565 3257 632 3280 tam
644 3243 771 3293 sceleste
782 3245 1035 3292 conspirationis
1044 3249 1076 3281 δε
1087 3257 1148 3280 ne-

359 3298 452 3336 fandi
461 3294 620 3346 colloquii
630 3296 790 3330 memoria
800 3307 838 3330 ex
846 3295 980 3343 piorum
990 3293 1148 3330 cordibus

962 187 1367 226 RESPONSIO

1174 249 1276 284 deleri
1293 260 1391 296 queat
1402 247 1559 286 sardonio
1571 248 1644 287 risu.
1668 253 1718 289 Vt
1728 252 1820 290 volet
1831 253 1968 290 nebulas

1175 299 1281 333 eleuet
1292 321 1302 337 ,
1327 310 1498 346 nunquam
1509 298 1749 337 obliuiscentur
1759 304 1888 339 cordati
1898 303 1969 339 ho-

1176 347 1382 387 mines,dum
1395 347 1548 395 captiosis
1560 348 1622 387 suis
1632 350 1757 386 artibus
1769 351 1810 389 ad
1822 354 1966 388 merito-

1175 396 1261 430 rium
1278 396 1437 443 quaestum
1448 394 1552 432 fertur
1565 420 1576 438 ‚
1595 411 1653 446 per
1663 412 1739 434 eum
1750 413 1820 435 non
1833 401 1967 446 stetiffe,

1176 457 1244 492 quo
1259 447 1367 480 minus
1380 446 1488 493 grauis
1500 447 1597 494 plaga
1607 447 1815 498 infligeretur
1832 451 1971 486 Gallica·

1178 494 1329 529 ecclesiae.
1360 497 1474 538 Qare
1484 495 1609 531 definat
1619 499 1753 545 patroni
1765 511 1892 534 nomen
1900 499 1970 535 ob-

1178 544 1349 584 tendere&
1360 546 1452 579 cuius
1465 545 1731 593 clientela,simul
1744 559 1780 582 ac
1792 547 1898 595 probe
1909 549 1966 585 in-

1179 595 1327 629 notuerit
1347 606 1416 628 non
1438 594 1547 628 miuus
1571 592 1665 631 facile
1687 597 1816 632 excidet
1831 620 1843 637 ,
1869 596 1973 645 quam

1179 638 1336 685 fallaciter
1345 641 1602 689 obrepsit.Hinc
1614 645 1716 692 porro
1725 657 1860 694 apparet
1872 646 1974 694 quam

1180 691 1289 726 ieiuna
1301 690 1339 727 sit
1348 690 1505 732 ambitio,
1516 692 1610 740 quod
1623 691 1734 730 nescio
1744 695 1826 743 quid
1837 705 1904 733 tarn
1915 697 1973 731 in-

1179 737 1323 774 solenter
1343 742 1480 776 iaffitat.
1504 741 1565 776 acsi
1589 740 1730 778 dubium
1750 742 1828 779 esset
1842 745 1878 779 in
1891 745 1974 781 aulis

1180 790 1372 837 Principum
1395 787 1530 837 peffima
1549 790 1721 827 interdum
1735 794 1901 841 mancipia
1918 792 1970 830 fa-

1180 850 1298 873 uorem
1324 837 1473 887 adipisci.
1513 840 1711 886 Qinetiam
1733 841 1976 879 conscientiam

1181 900 1288 923 meam
1304 900 1415 923 coram
1434 889 1514 923 Deo
1535 890 1695 937 appellat:
1715 891 1808 938 quod
1829 890 1888 927 vbi
1907 890 1975 928 scio

1181 937 1304 971 nullam
1326 935 1387 972 esse
1399 937 1676 977 controuersiam,
1699 938 1815 976 odiose
1827 940 1975 977 velima-

1180 985 1231 1019 liis
1253 984 1443 1032 persuadere
1461 987 1522 1021 esse
1533 988 1707 1023 maximam
1721 1011 1732 1028 ,
1755 1001 1826 1037 quae
1841 989 1977 1027 vei-best

1180 1033 1292 1069 aestute
1309 1032 1519 1070 dissimulem.
1550 1035 1652 1082 Qasi
1671 1037 1753 1072 vero
1769 1039 1811 1073 de
1820 1051 1855 1074 re
1864 1039 1976 1076 'notis-

1181 1082 1259 1117 sima
1287 1081 1411 1118 necesse
1432 1082 1471 1118 sit
1489 1083 1530 1119 ad
1547 1096 1702 1120 arcanum
1723 1087 1792 1121 Dei
1810 1088 1976 1124 iudicium

1179 1144 1374 1179 prouocare.
1403 1133 1512 1180 Atqui
1523 1144 1642 1169 notare
1659 1135 1914 1183 operaepretium
1925 1135 1976 1172 est

1179 1181 1281 1229 quam
1299 1181 1385 1217 bene
1402 1183 1488 1217 inter
1506 1181 1538 1217 se
1562 1184 1763 1219 conueniant
1782 1183 1899 1221 astutia
1911 1208 1922 1227 ,
1940 1189 1976 1222 δε

1181 1241 1283 1266 caecus
1304 1229 1396 1266 furor
1410 1253 1421 1270 ,
1451 1231 1486 1265 in
1506 1243 1606 1279 quem
1625 1244 1680 1268 me
1698 1233 1809 1269 alieno
1831 1233 1976 1283 impulsu

1180 1291 1317 1327 repente
1336 1281 1542 1328 praecipitem
1551 1282 1663 1316 astum
1673 1279 1856 1331 esse-fingit.
1864 1300 1877 1318 ν
1886 1284 1975 1331 Qis

1180 1341 1250 1364 non
1262 1329 1355 1364 videt
1364 1329 1539 1365 hominem
1549 1330 1731 1380 petulantie
1742 1332 1976 1373 deditumwo-

1181 1390 1271 1413 mere
1290 1380 1402 1426 potius
1419 1390 1491 1426 quae
1501 1379 1857 1430 stomachumgrauant
1870 1382 1978 1430 quam

1179 1427 1292 1474 loqui?
1303 1431 1417 1476 Atque
1428 1430 1472 1464 ita
1485 1426 1607 1464 scilicet
1616 1430 1724 1464 nodus
1739 1442 1864 1479 magnae
1873 1436 1907 1468 δι
1919 1443 1975 1467 at-

1181 1475 1454 1524 duaequaestionis
1471 1476 1609 1513 soluitur
1621 1501 1632 1519 ,
1643 1481 1820 1526 quomodo
1832 1480 1972 1516 Baldui-

1180 1538 1262 1561 num
1274 1524 1422 1562 lacessere
1433 1525 1523 1562 ausus
1536 1525 1611 1567 sim,
1621 1529 1680 1576 qui
1692 1538 1743 1564 tot
1757 1527 1896 1565 habeam
1905 1529 1976 1565 ini-

1181 1575 1302 1610 micos.
1329 1575 1419 1610 Mihi
1439 1576 1528 1611 enim
1540 1576 1574 1610 in
1585 1588 1745 1625 promptu
1755 1575 1904 1613 defensio
1915 1577 1977 1619 est.

1181 1635 1353 1672 quotquot
1371 1624 1456 1660 mihi
1479 1625 1610 1661 inimici
1631 1625 1726 1666 sunt,
1743 1624 1805 1662 esse
1817 1625 1982 1674 professos>

1182 1673 1309 1709 Christi
1319 1673 1548 1710 hostesznullas
1558 1674 1641 1710 vero
1650 1675 1840 1711 inimicitias
1847 1690 1899 1712 me
1908 1688 1977 1712 vn-

1182 1735 1280 1771 quam
1291 1721 1457 1771 suscepisse
1467 1724 1595 1771 priuata
1605 1723 1772 1764 causa,nec
1783 1725 1905 1773 cupide
1915 1737 1977 1774 ap-

1182 1767 1342 1820 petiuisse:
1354 1773 1458 1807 nullas
1469 1773 1584 1821 deniq3
1596 1774 1611 1807 a
1624 1786 1698 1809 mea
1706 1774 1801 1822 culpa
1811 1772 1905 1810 fuisse
1914 1787 1977 1810 or-

1183 1832 1243 1857 taS.
1275 1821 1337 1857 Sed
1350 1821 1415 1857 hoc
1427 1820 1510 1857 mihi
1522 1823 1594 1871 plus
1604 1820 1678 1858 satis
1691 1822 1738 1858 est
1751 1823 1879 1859 nullum
1892 1823 1978 1860 mihi

1183 1871 1244 1905 alia
1257 1871 1297 1905 de
1310 1870 1398 1907 causa
1409 1869 1469 1906 esse
1480 1871 1668 1912 inimicum,
1679 1870 1740 1907 nisi
1751 1872 1829 1920 quia
1841 1871 1973 1908 sacrile-

1183 1932 1224 1968 ga
1243 1919 1378 1955 audacia
1397 1920 1564 1969 insurgere
1583 1919 1733 1956 aduersus
1753 1921 1890 1968 pietatis
1910 1921 1977 1957 do·-

1184 1970 1345 2010 ‹strinatm
1364 1974 1398 2006 δε
1417 1969 1568 2005 Ecclefiae
1578 1968 1711 2005 salutem
1723 1991 1733 2008 ‚
1757 1967 1849 2005 ausus
1861 1967 1974 2006 fuerit.

1185 2021 1369 2066 thuot
1381 2018 1494 2054 nostro
1503 2030 1658 2067 tempore
1678 2017 1870 2058 Christum,
1889 2017 1980 2055 cifis-

1184 2080 1249 2116 que
1260 2066 1438 2103 Ecclesiam
1451 2067 1613 2103 hostiliter
1624 2068 1782 2115 impetere
1795 2077 1979 2110 tentarunt,

1185 2129 1300 2152 eorum
1313 2115 1416 2151 furori
1427 2114 1562 2151 fortiter
1573 2130 1627 2152 me
1640 2113 1802 2164 opposui:
1823 2126 1924 2164 atque
1941 2128 1979 2154 vt

1184 2167 1302 2202 acriter
1312 2177 1370 2200 eos
1379 2166 1511 2213 excepi,
1524 2167 1568 2200 ita
1578 2164 1783 2213 infatigabili
1795 2165 1980 2202 constantia

1185 2213 1396 2263 persequutus
1410 2212 1492 2250 sum.
1522 2226 1582 2250 nec
1597 2226 1651 2250 me
1661 2214 1759 2249 huius
1771 2213 1900 2250 affiduae
1910 2215 1979 2251 mi·

1185 2264 1263 2300 litiae
1275 2275 1416 2312 vnquam
1430 2262 1579 2298 raedebit.
1607 2265 1681 2299 Hac
1699 2263 1741 2298 de
1750 2263 1841 2299 causa
1855 2265 1975 2300 inimi-

1187 2325 1241 2348 cus
1252 2312 1321 2349 sum
1334 2312 1580 2360 Balduino‚que‘
1591 2312 1772 2361 aliquando
1782 2314 1980 2349 amani-Re:-

1187 2361 1345 2410 spondeat
1354 2374 1441 2395 nunc
1453 2360 1520 2408 ipse
1527 2361 1609 2396 mihi
1619 2362 1915 2409 velim,quomodo
1924 2372 1979 2398 tot

1187 2411 1248 2446 sibi
1259 2410 1442 2459 acquisierit
1453 2410 1580 2446 hostes:
1599 2423 1655 2446 cur
1665 2409 1695 2445 se
1704 2415 1738 2446 &
1749 2409 1839 2458 ipsos
1848 2411 1981 2447 atroci-

1186 2459 1248 2496 bus
1261 2460 1382 2508 pugnis
1391 2459 1589 2495 exercuerit:
1602 2471 1658 2494 cur
1669 2471 1712 2493 nu
1718 2458 1774 2506 squ
1782 2460 1981 2507 {reliquerit

1187 2521 1300 2545 verum
1311 2509 1503 2544 amicfi.Cui
1513 2507 1674 2555 probetur
1684 2506 1980 2544 nescio.omnibus

1192 2557 1282 2594 certe
1290 2558 1438 2594 doffls&
1449 2557 1563 2606 probis
1572 2555 1860 2605 viris,quibuscum
1871 2555 1981 2593 versa-

1188 2618 1240 2642 tus
1251 2607 1443 2645 cst,exosum
1456 2605 1516 2642 esse
1528 2605 1668 2643 constat.
1697 2607 1839 2642 Fontem
1854 2605 1878 2641 si
1889 2617 1982 2655 quat-

1189 2657 1291 2692 rimus
1309 2678 1320 2696 ,
1348 2667 1418 2690 non
1443 2655 1525 2690 alius
1551 2656 1734 2702 reperietur
1753 2679 1764 2696 ,
1790 2652 1893 2703 qudm
1910 2657 1981 2690 eius

1190 2703 1687 2752 ambitio,superbia,inuidia‚&
1700 2702 1722 2738 fi
1732 2703 1850 2751 quaest
1864 2703 1995 2746 similisa

1190 2755 1304 2789 virtus.
1335 2754 1397 2789 Sed
1417 2763 1493 2788 toto
1510 2752 1626 2789 libello
1643 2751 1675 2788 se
1691 2753 1804 2801 prodit
1824 2753 1982 2801 pudenda

1191 2804 1261 2838 eius
1272 2801 1414 2838 fatuitas:
1425 2813 1489 2850 qua
1500 2813 1583 2837 voce
1596 2803 1726 2851 grauius
1736 2814 1812 2837 eum
1823 2802 1979 2843 vulnero,

1191 2852 1293 2899 quam
1312 2850 1336 2886 si
1356 2864 1459 2886 omne
1480 2863 1584 2900 genus
1598 2851 1976 2887 sceleru'mineumcon-

1191 2901 1434 2936 ferrem-Recto
1446 2902 1536 2935 enim
1547 2905 1579 2938 δι
1589 2899 1730 2935 honesto
1742 2899 1871 2947 pridem
1884 2900 1979 2934 vale-

1193 2950 1294 2986 dixit:
1315 2949 1421 2985 modu
1431 2961 1542 2986 acutus
1553 2954 1586 2987 &
1597 2947 1687 2984 vafer
1698 2948 1858 2983 credatur.
1886 2949 1982 2984 Serio

1193 3010 1304 3033 tamen
1316 2999 1488 3034 docendus
1505 2998 1551 3034 est
1570 2999 1670 3047 quam
1690 2996 1842 3046 putidum
1857 2996 1890 3033 se
1902 2997 1982 3033 red-

1194 3049 1248 3083 dat
1266 3046 1416 3095 insipidis
1436 3045 1499 3083 suis
1514 3046 1652 3084 facetiis.
1700 3046 1815 3094 Negat
1845 3045 1876 3081 se
1901 3056 1985 3092 cen'-

1193 3096 1298 3132 suram
1317 3097 1464 3144 accipere
1491 3109 1588 3145 quam
1619 3096 1720 3131 detuli
1740 3118 1752 3134 ,
1780 3093 1878 3143 sc‘que
1898 3095 1986 3131 mihi

1196 3147 1279 3181 dicit
1290 3146 1475 3193 relinquere
1488 3169 1497 3186 ,
1519 3147 1575 3194 qui
1584 3145 1711 3180 nullum
1722 3144 1884 3192 collegam
1896 3142 1984 3192 fero.

1193 3193 1344 3230 Primum
1354 3195 1488 3229 videant
1497 3195 1654 3230 Lectores
1664 3193 1764 3240 quam
1773 3191 1986 3241 super-cilios?

1195 3243 1362 3279 Balduino
1385 3243 1548 3278 cassander
1577 3244 1611 3277 in
1640 3242 1755 3276 libello
1784 3239 1814 3277 se
1832 3241 1925 3290 supra
1941 3251 1986 3278 0⁴·

1196 3303 1293 3328 mnes
1309 3290 1462 3328 censores
1479 3290 1615 3328 offerat:
1636 3290 1759 3327 deinde
1773 3291 1875 3339 quarn
1883 3288 1985 3328 suerit

1908 3340 1983 3390 1³¹²:
