2113 3674
666 181 1226 219 *PROVIDENTIA
1709 191 1777 235 869

146 247 296 296 exceptio
306 270 315 288 ‚
332 244 436 290 Quod
449 255 518 278 nou
531 241 684 290 quotidie
699 241 791 276 excisi
806 239 934 276 fuerunt

148 298 376 347 populi,atque
386 296 430 328 ita
440 293 561 326 centies
573 291 750 337 qu0tannis
762 289 934 325 absorbtus

149 347 310 383 mundus,
321 343 462 378 totidem
477 340 608 375 illustria
620 338 708 373 fuiss’e
721 340 886 389 patientia?
896 351 932 373 e-

150 397 198 431 ius
210 396 417 429 documenta.
438 391 511 425 Nec
530 390 607 423 vero
619 389 733 422 Paulus
744 411 754 427 ,
769 388 825 422 vbi
836 388 934 423 afler-

148 446 199 478 uit
220 453 336 477 arcano
359 441 426 474 eius
446 440 577 473 decrero
591 436 660 471 vasa
683 438 736 471 irae
757 447 862 483 aptata
873 435 934 473 csse

148 494 188 527 ad
200 490 558 528 interitum,lenitatem
572 487 638 520 eius
649 489 679 522 &
694 486 933 532 patientiilau-

149 543 224 576 dare
235 539 374 574 dubim.
398 539 477 583 Q
488 535 567 570 teste
582 534 602 569 si
615 544 790 569 contentus
806 546 874 568 non
887 546 932 574 cs,

147 589 229 624 milii
241 587 359 624 secure,
372 597 454 633 puto
466 608 476 625 ‚
490 585 619 618 latratus
631 595 704 618 tuos
716 583 879 628 despicere
889 583 931 617 li-

148 638 248 673 cebit.
271 638 392 683 Neque
404 636 498 669 etiam
511 633 697 679 patrocinio
716 643 792 667 mco
805 632 933 680 indiget

146 688 241 722 Deus
253 709 263 726 ,
281 682 477 733 quiiustitiae
495 681 554 716 suae
575 679 646 715 sitis
659 681 798 715 idoneus
809 678 932 715 futurus

146 737 190 770 est
201 729 480 772 assertor‚etiam'fi
492 730 639 765 certatim
652 729 690 763 ad
704 741 775 763 earn
787 728 931 763 obtene-

146 783 304 817 brandarn
315 779 504 827 conspirent
525 790 642 812 omnes
655 778 789 824 impurae
801 778 931 827 linguae.

187 844 258 865 uate
271 842 354 869 tu‚vt
365 829 537 868 libet‚cum
549 838 602 861 tua
613 838 739 861 caterua
749 828 781 860 in
794 825 932 861 sublime

145 881 284 915 iaculare
294 891 363 914 tuas
375 875 591 923 blasphemias
602 899 612 914 ‚
625 886 695 922 quae
705 880 740 909 in
755 876 859 921 capita
872 887 930 910 ve-

144 930 205 964 stra
215 927 465 964 recidant.Nam
480 924 562 960 mihi
576 934 629 958 tua
642 925 787 958 conuitia
799 925 930 971 patien-

143 990 193 1013 ter
204 981 351 1024 excipere
360 972 534 1010 molestum
548 985 616 1007 non
629 972 791 1011 esbinodo
806 973 928 1012 Deum,

145 1028 236 1061 cuius
247 1024 353 1060 seruus
364 1022 518 1062 sammon
531 1023 739 1068 attingantz&
750 1021 832 1056 mihi
846 1033 878 1057 te
889 1021 929 1057 ad

145 1077 214 1110 eius
224 1073 367 1108 tribunal
379 1083 559 1120 prouocare
570 1071 716 1108 liceat‚vt
726 1069 782 1105 suo
792 1082 929 1118 ternpo-

144 1135 179 1158 re
190 1133 338 1171 appareat
350 1119 409 1156 suae
421 1121 578 1155 doetrinae
595 1119 725 1161 vindex,
735 1121 799 1166 qui
808 1119 840 1153 in
850 1131 927 1166 per-

144 1172 222 1208 sona
235 1183 302 1206 mea
312 1169 434 1206 furiose
444 1179 628 1216 oppugnas.

197 1222 252 1255 De
261 1230 372 1254 natura
382 1219 450 1254 veri
459 1219 524 1252 Dei
535 1217 633 1264 quam
643 1214 788 1263 apposite
801 1215 927 1250 differas

144 1267 224 1304 hinc
234 1268 395 1303 aestiment
406 1267 553 1303 le6mres,
563 1265 655 1311 quod
668 1266 736 1307 eius
745 1264 909 1312 cognosce
917 1288 928 1295 .

143 1318 193 1353 dae
205 1317 375 1353 exordium
387 1313 465 1350 facis
484 1315 501 1349 a
513 1313 601 1348 sensu
613 1315 793 1348 communi.
813 1315 926 1349 Deum

143 1366 281 1415 quidem
297 1364 358 1407 esse
368 1387 379 1403 ‚
403 1364 552 1412 gentium
569 1363 723 1397 omnium
745 1367 776 1398 Sc
797 1373 926 1398 aetatum

144 1413 298 1450 consensu
310 1424 475 1460 receptum
487 1411 532 1445 est
543 1435 551 1450 ‚
574 1415 649 1458 quia
662 1411 851 1445 naturaliter
864 1411 927 1445 hu-

141 1463 246 1498 manis
258 1461 423 1503 mentibus
435 1460 532 1495 insitii
542 1460 586 1496 est
597 1459 690 1494 huius
701 1461 822 1507 notitie
835 1460 927 1507 prin-

143 1514 306 1559 cipium&
318 1509 437 1546 semen.
465 1509 582 1554 Qualis
594 1511 668 1543 aute
679 1507 717 1543 sit
729 1510 926 1556 Deus‚quo-

141 1561 247 1596 modo
258 1560 341 1594 ratio
355 1558 510 1598 definiet,
522 1570 593 1605 quae
605 1556 656 1591 sua
668 1556 860 1604 perspicacia
873 1559 927 1592 ni-

141 1609 190 1644 hil
203 1609 288 1643 aliud
303 1606 409 1655 potest
430 1607 530 1654 quam
550 1607 721 1641 veritatem
745 1609 779 1641 in
792 1607 927 1641 menda-

142 1659 230 1693 cium
243 1656 404 1692 vettendo
420 1679 430 1694 ‚
444 1656 621 1690 adulterare
633 1655 790 1701 quicquid
803 1656 929 1690 intelli-

140 1707 276 1754 getiae&
288 1707 367 1740 lucis
378 1704 476 1739 habet
486 1716 561 1738 vera
571 1704 688 1751 religio
702 1704 928 1740 &fides?Stul-

139 1754 258 1791 tescere
269 1766 330 1789 nos
340 1753 430 1789 iubet
441 1754 578 1800 Spiritus
594 1751 776 1791 sanctusmt
788 1752 928 1788 coelestis

138 1804 298 1838 doffiinae
311 1803 408 1838 fimus
423 1801 592 1849 discipuli:
606 1802 684 1849 quia
695 1802 847 1836 animalis
860 1802 926 1837 ho-

138 1863 197 1887 mo
209 1852 292 1887 nihil
304 1853 373 1887 eius
395 1863 508 1897 cipere
525 1849 712 1898 velgustare
723 1849 840 1897 potest.
869 1852 927 1887 Tu

137 1901 253 1936 contri
265 1901 304 1934 de
318 1898 478 1945 mysteriis
489 1900 558 1934 Dei
572 1899 731 1933 iudicium
743 1897 814 1934 fieri
825 1901 874 1935 vis
888 1913 926 1935 ex

138 1948 282 1984 humano
294 1947 380 1983 sensu
393 1962 400 1982 :
413 1952 444 1984 δι
455 1949 618 1983 rationem
630 1970 640 1987 ,
651 1959 722 1995 quae
735 1945 787 1982 sua
797 1959 924 1984 caecita-

139 2007 174 2032 te
184 2010 320 2033 omnem
333 1998 401 2032 Dei
410 1998 549 2045 gloriam
563 1997 808 2045 extinguitnon
818 1998 924 2032 modo

141 2044 252 2081 statuis
270 2047 433 2082 ducem&
449 2044 632 2093 magistram
652 2068 662 2084 ‚
682 2043 734 2080 sed
753 2047 924 2093 Scripturae

90 2134 92 2136 ¹
142 2092 290 2142 praeferr'e
298 2094 485 2138 audes-Iam
498 2094 581 2129 nihil
594 2093 710 2128 mirum
725 2093 745 2128 si
761 2093 924 2141 quassibet

142 2143 320 2190 religiones
331 2136 514 2188 promiscue
531 2140 656 2176 misceri
678 2142 820 2177 libenter
830 2155 922 2190 pate-

986 242 1035 292 gis
1049 241 1242 289 simplicium
1260 245 1378 279 oculos
1393 268 1404 286 ,
1423 247 1537 282 Deum
1557 247 1640 282 velle
1651 260 1769 284 omnes

980 290 1084 323 ialuos
1095 291 1178 326 fieri.
1209 294 1241 327 Si
1268 293 1331 328 hoc
1346 295 1501 330 electioni
1526 308 1688 344 repugnat
1705 310 1769 345 qua

981 336 1067 371 filios
1082 339 1155 374 suos
1165 341 1404 388 praedestinauit
1418 345 1456 379 ad
1470 345 1570 380 vitam
1582 369 1591 384 ,
1607 357 1717 393 quaero
1730 359 1768 381 ex

981 396 1031 426 te,
1046 399 1102 422 cur
1112 401 1180 423 non
1192 390 1350 425 omnibus
1364 392 1555 439 patefecerit
1574 394 1658 429 viam
1681 394 1768 430 salu-

980 438 1033 468 tis.
1059 437 1190 472 Notum
1209 451 1246 474 ac
1267 439 1394 475 celebre
1413 443 1454 476 est
1475 443 1555 477 illud
1576 445 1674 491 Legis
1694 445 1767 478 elo-

980 486 1070 532 gium
1083 485 1189 523 ,Ecce
1208 488 1361 534 proposui
1379 489 1480 525 hodie
1493 491 1589 527 vobis
1610 494 1710 527 vitam
1733 498 1766 530 &

981 543 1135 568 mortem.
1157 536 1189 569 Si
1199 534 1318 583 absque
1328 536 1516 574 discrimine
1527 540 1659 575 volebat
1673 543 1766 576 Deus

980 583 1014 616 in
1026 579 1157 617 salutem
1174 584 1335 632 colligere
1346 598 1461 621 omncs
1472 611 1482 626 ,
1506 601 1561 623 cur
1573 602 1639 624 non
1650 592 1766 626 omni-

981 629 1041 664 bus
1059 631 1160 666 vitam
1181 635 1400 675 communiter
1421 635 1618 683 proposuit,
1640 638 1690 674 sed
1704 638 1785 676 hae,

981 680 1192 727 praerogatiua
1211 681 1364 718 duntaxat
1382 695 1516 732 gentem
1536 698 1632 721 vnam
1647 688 1765 736 digna·
1780 706 1786 723 z

980 738 1031 762 tus
1040 729 1106 764 est?
1135 730 1257 776 Neque
1268 731 1300 765 id
1310 732 1369 766 alia
1380 735 1421 767 de
1434 733 1521 768 causa
1536 758 1546 773 ‚
1561 734 1580 769 si
1593 736 1680 770 Most
1693 749 1766 772 cre-

981 776 1068 812 ditur
1079 798 1090 816 ‚
1105 777 1164 812 nisi
1179 779 1270 825 quod
1289 781 1388 826 gratis
1399 782 1511 816 dilexit
1522 795 1605 829 quos
1624 784 1683 820 sibi
1697 786 1782 820 ele-·-

980 827 1072 873 gitin
1081 827 1257 873 peculium.
1281 828 1451 864 Christum
1464 831 1624 866 diuinitus
1636 834 1767 871 miss'um

979 873 1070 910 fuiffe
1091 875 1172 911 dicis
1190 897 1202 915 ,
1220 877 1309 911 cuius
1329 877 1449 915 iustitia
1470 877 1757 927 superabundaret,

979 923 1170 972 vbicunque
1181 924 1359 961 abundaret
1373 939 1554 974 peccatum.
1579 931 1685 977 Atqui
1696 930 1764 968 haec
1778 950 1782 957 ›

978 984 1043 1007 vna
1054 984 1119 1008 vox
1137 972 1282 1010 ostendit
1303 986 1335 1010 te
1351 976 1476 1012 diaboli
1496 979 1648 1014 instinstu
1659 992 1696 1015 ex
1709 981 1781 1017 ill-,¹

977 1019 1054 1056 feris
1061 1022 1229 1069 prodiisse,
1241 1024 1297 1070 qui
1310 1026 1437 1071 pietatis
1450 1023 1526 1060 suco
1539 1039 1587 1061 cra
1594 1027 1762 1064 ssiffimum

977 1068 1354 1119 quddquevmendacium
1367 1075 1668 1122 tegens‚Christum
1682 1089 1779 1123 pro--³

976 1120 1236 1157 caciterrideres.
1255 1122 1343 1156 Nam
1358 1121 1379 1156 fi
1397 1124 1587 1171 vbicunque
1604 1127 1779 1173 regnabat»

975 1179 1145 1215 peccatum
1171 1168 1444 1218 superabundauit
1467 1173 1592 1208 Christi
1612 1174 1759 1215 iustitia,
1777 1199 1779 1201 -

976 1216 1084 1252 nihilo
1094 1217 1246 1255 deterior
1266 1221 1326 1255 erit
1345 1221 1439 1256 Pilati
1460 1224 1515 1260 vell
1529 1225 1638 1262 Iudae,
1657 1226 1759 1271 quam

975 1267 1063 1303 Petri
1076 1267 1126 1303 vel
1138 1267 1227 1303 Pauli
1249 1270 1414 1304 conditio.
1443 1273 1557 1318 Atque
1570 1285 1604 1306 vt
1620 1274 1659 1307 de
1671 1274 1780 1310 Pila-7>

975 1325 1012 1349 to
1024 1326 1164 1356 taceam,
1189 1316 1316 1355 Christi
1338 1317 1493 1358 iustitiam
1511 1322 1626 1357 Paulus
1647 1322 1687 1357 «b
1710 1323 1759 1357 E·
1773 1323 1885 1363 fphcfi6

976 1365 1117 1412 uangelij
1131 1363 1196 1400 fide
1214 1364 1348 1413 separari
1369 1362 1457 1414 posse
1475 1381 1586 1417 negat.-
1614 1372 1669 1419 ssu
1691 1384 1759 1418 quo
1773 1375 1791 1403 9

976 1423 1126 1461 tempore
1138 1414 1276 1450 versatus
1287 1415 1484 1451 estChristus
1496 1421 1529 1452 in
1541 1421 1763 1467 terrisiquod-

976 1473 1051 1497 nam
1062 1463 1219 1498 iii-Gallia<
1230 1462 1319 1503 suiste
1330 1465 1547 1512 Euangelium
1559 1469 1658 1507 dices,
1675 1468 1764 1504 aliis-

976 1522 1040 1557 que
1059 1511 1465 1560 longinquisq'Gentibus?
1484 1517 1575 1557 Quid
1595 1520 1608 1551 ?
1635 1531 1672 1551 an
1694 1531 1774 1557 non,

977 1560 1069 1594 Deus
1080 1568 1154 1598 :inte
1167 1561 1240 1606 filij
1253 1561 1297 1596 sui
1308 1563 1489 1603 aduentum
1504 1565 1591 1604 idem
1606 1569 1765 1603 erar-²Cur

977 1620 1056 1655 ergo
1068 1607 1262 1656 suppressum
1277 1613 1384 1653 tenuit
1396 1611 1696 1660 salutisthesaurttiri
1711 1615 1764 1650 vs-

975 1669 1041 1704 que
1068 1659 1514 1706 adr:‚tempus,‚pleh,i·tt1dini5“
1528 1665 1553 1696 v?‡
1571 1662 1775 1700 Plenis'iam-

976 1705 1091 1741 buccis
1101 1707 1208 1744 rideas
1226 1707 1350 1749 necesse
1359 1711 1402 1749 est
1421 1712 1514 1757 quod
1526 1712 1627 1747 docet
1637 1715 1764 1751 Paulus,

976 1755 1011 1788 in
1019 1750 1190 1804 Euangelij
1198 1758 1466 1805 promulgatione
1477 1757 1674 1807 patefaRum
1683 1761 1764 1799 fuis-

976 1802 1205 1851 semysterium
1222 1829 1234 1846 ‚
1255 1807 1348 1854 ¹quod
1370 1807 1458 1853 prius
1476 1810 1509 1843 in
1527 1810 1606 1844 Deo
1625 1811 1759 1848 latebat.

975 1855 1045 1888 lam
1061 1853 1224 1900 publicata
1245 1855 1419 1903 Euangelij
1430 1869 1513 1892 voce
1525 1881 1535 1897 ‚
1548 1871 1617 1893 non
1630 1860 1669 1895 ad
1679 1862 1763 1896 alios

974 1913 1126 1949 peruenit
1147 1903 1423 1944 Christiiuslitia,
1442 1905 1501 1945 nisi
1519 1913 1576 1953 qui
1600 1921 1670 1944 eam
1695 1909 1764 1946 fide

973 1951 1111 1998 amplexi
1122 1950 1206 1987 sunt.
1230 1953 1442 2001 Vndevporrb
1459 1954 1523 1990 tibi
1535 1955 1617 1992 fides
1630 1961 1645 1991 ?
1665 1960 1697 1994 Si
1708 1972 1762 1993 re-

974 1999 1196 2046 spondeas,Ex
1206 2001 1319 2037 auditu
1331 2015 1340 2038 e
1351 2002 1687 2052 Jverumhocquidem
1701 2007 1760 2048 est,

973 2047 1104 2086 sednon
1114 2047 1234 2096 absque
1255 2048 1383 2097 speciali
1397 2053 1756 2099 Spiritusreuelatione.
1777 2075 1781 2079 ·

971 2097 1172 2135 Paucitatem
1191 2110 1303 2133 eorum
1314 2099 1434 2147 quibus
1447 2100 1617 2139 brachium
1632 2106 1760 2140 Domi-

971 2146 1007 2180 ni
1017 2147 1196 2185 reuelatum
1217 2147 1263 2182 est
1283 2170 1294 2187 ‚
1318 2161 1392 2189 cum
1405 2151 1641 2190 exclamatione
1656 2156 1761 2193 >mira-1

141 2194 206 2229 ris,
227 2200 263 2224 vt
280 2189 415 2237 perinde
425 2189 589 2225 censeatur
605 2191 672 2225 Dei
683 2193 790 2227 cultor
799 2193 922 2233 Turca,

140 2240 200 2286 qui
211 2239 398 2282 Mahometi
409 2238 531 2272 delitiis
543 2237 689 2273 imbutus
701 2263 712 2279 ,
727 2252 847 2276 numen
860 2254 921 2277 ne-

141 2288 211 2324 scio
223 2288 315 2334 quod
335 2287 545 2334 incognitum
564 2287 695 2322 adorat:
712 2301 748 2322 ac
758 2288 918 2325 Christia-

970 2206 1024 2230 tur
1036 2194 1144 2229 Isaias.
1162 2195 1215 2230 'Et
1224 2197 1339 2233 Paulus
1349 2198 1478 2237 donum
1493 2199 1572 2236 fidei
1584 2203 1622 2236 ad
1636 2204 1759 2238 elec-'tos
1771 2212 1868 2250 ¹12153J

971 2243 1166 2290 restringens
1177 2266 1188 2283 ,
1204 2244 1291 2286 illius
1301 2245 1496 2285 testimonio
1511 2250 1623 2285 vritur.
1638 2253 1692 2286 Tu
1706 2254 1755 2288 di-
1773 2258 1884 2283 Romo

971 2291 1110 2328 scrimen
1131 2293 1260 2328 nullum
1279 2294 1440 2334 admittis.
1472 2298 1603 2334 Clamat
1623 2302 1759 2346 quidem
1772 2297 1802 2321 ¹⁶

140 2348 216 2375 nus,
228 2337 334 2382 quiex
344 2333 526 2377 non-dubia
536 2335 705 2381 Euangelij
716 2335 780 2371 fide
790 2338 923 2374 inuocat

139 2387 267 2420 Patrem
277 2384 514 2430 Redemptoris
524 2382 639 2417 nostri.
670 2386 868 2431 anuam
890 2398 923 2422 te

139 2445 211 2468 non
221 2429 304 2467 serio
326 2432 500 2466 incredulis
518 2432 712 2478 patrocinari
734 2434 840 2479 palam
857 2435 923 2470 cla-

139 2483 259 2517 mitant
270 2492 320 2515 tot
330 2479 473 2527 obliquae
487 2479 588 2515 sannae
599 2479 719 2527 quibus
729 2480 923 2526 apertiffima

139 2528 480 2578 quaequecapitafidei
491 2528 606 2564 nostrae
620 2530 722 2575 carpis
738 2529 789 2563 scd
804 2531 935 2566 omnin!

139 2581 292 2628 gentium
305 2575 543 2624 superstitiones
555 2575 747 2616 excusando,
763 2578 829 2613 tibi
841 2591 922 2627 pro-

138 2676 210 2712 Dei
219 2675 347 2711 oracula
355 2675 687 2714 docennconueuere.
710 2674 764 2710 Ab
777 2677 828 2711 illa
841 2677 921 2712 vero

139 2719 509 2771 rationeiquaeerrorum
519 2725 670 2768 omnium
682 2735 784 2760 mater
793 2723 921 2765 est‚tibi

139 2772 286 2809 exoritur
297 2773 350 2806 ille
367 2772 458 2806 Deus
475 2795 486 2809 ,
507 2772 566 2819 qui
577 2771 644 2806 sine
654 2772 781 2818 delestu
794 2774 863 2809 vult
879 2787 922 2809 ο-

139 2833 234 2858 mnes
244 2819 346 2856 saluos
359 2819 441 2855 fieri.
465 2820 564 2868 Qfi
576 2820 654 2856 vero
665 2821 762 2857 inane
781 2821 819 2857 sit
830 2823 922 2871 quod

139 2872 240 2906 toties
261 2869 404 2904 occurrit
421 2871 454 2903 in
475 2871 637 2915 Scriptura
653 2870 835 2906 Elefifionis
855 2885 935 2906 tio-'n

139 2932 217 2958 men
225 2942 235 2959 ,
246 2917 482 2966 quumlvbique
492 2919 633 2952 clament
644 2921 723 2958 Lex,
734 2918 933 2967 Prophetaep

138 2973 173 3005 ἃν,
190 2967 413 3015 Euangelium
432 2968 541 3001 vocari
559 2971 588 3003 &
606 2967 827 3011 illuminariin
839 2968 935 3015 salu-2

139 3028 207 3054 tem
216 3040 227 3056 ‚
243 3018 300 3062 qui
312 3026 435 3050 aeterno
447 3015 513 3049 Dei
525 3014 662 3050 consilio
673 3028 748 3050 anre
759 3018 922 3054 mundum

139 3066 282 3101 conditu
295 3065 388 3099 ele&
400 3063 482 3100 sunt:
494 3068 524 3099 &
540 3062 606 3097 sine
616 3063 832 3111 ambiguitate
843 3079 923 3113 pro-

140 3110 434 3161 nuntientfontem
446 3117 478 3148 &
490 3111 612 3147 causam
625 3114 698 3146 vitae
711 3111 770 3148 esse
777 3118 924 3161 gratuitt'r

139 3161 210 3202 Dei
218 3158 375 3201 amorem,
388 3173 456 3208 quo
469 3173 537 3194 non
552 3173 680 3195 omnes.
694 3160 745 3196 sed
759 3174 845 3209 quos
858 3177 936 3199 vo-.

143 3209 206 3244 luit
213 3212 403 3256 complexus
411 3208 564 3251 est.Quid
578 3220 612 3243 tu
622 3213 744 3246 centies
753 3212 846 3248 cotra
860 3213 927 3248 ob-

971 2340 1122 2376 Christus
1133 2363 1143 2379 ,
1167 2342 1290 2377 Venite
1306 2343 1353 2386 ad2
1367 2357 1425 2384 me(
1436 2358 1552 2386 omnes
1562 2349 1618 2395 qui
1630 2349 1758 2385 labora-

970 2389 1013 2424 tis
1028 2402 1036 2424 ι
1049 2386 1200 2423 sedidem
1211 2389 1290 2428 alibi
1302 2393 1445 2435 clamat,
1472 2397 1587 2431 Nemo
1609 2400 1700 2433 venit
1718 2399 1759 2434 ad

972 2449 1024 2471 me
1036 2434 1095 2471 nisi
1113 2440 1205 2472 Patet
1216 2451 1307 2477 meus
1321 2445 1453 2483 traxerit
1470 2457 1562 2478 euin:
1580 2454 1686 2491 neque
1706 2447 1759 2481 se-

972 2497 1044 2520 cum
1057 2496 1181 2534 pugnat
1192 2509 1203 2525 ,
1216 2486 1272 2527 vbi
1281 2500 1399 2532 omnes
1415 2491 1480 2527 sine
1491 2495 1684 2540 exceptione
1697 2508 1756 2530 ex-

971 2544 1061 2569 terna
1071 2546 1152 2569 voce
1163 2535 1393 2575 ad-seinuirans
1404 2563 1414 2579 ‚
1430 2540 1512 2574 dicit
1527 2552 1635 2576 tanuen
1644 2545 1758 2582 nemi,

933 2611 937 2623 2
971 2595 1047 2618 nem
1058 2584 1233 2631 quicquam
1251 2588 1427 2636 percipere,
1446 2587 1503 2622 nisi
1516 2588 1628 2630 datum
1641 2595 1670 2627 ei
1684 2591 1756 2630 fue-

140 2626 285 2674 positum
307 2625 352 2661 est
371 2625 529 2673 quicquid
556 2626 733 2674 religionis
752 2625 834 2662 sacra
853 2630 936 2668 veri1

971 2632 1014 2670 rit
1027 2630 1143 2672 ecoelo
1154 2645 1167 2667 ε
1176 2638 1374 2682 nequealios
1387 2637 1427 2671 ad
1441 2635 1471 2671 se
1485 2639 1610 2679 venire,
1627 2640 1686 2676 nisi
1698 2643 1755 2690 qui

970 2680 1095 2722 a-MPatre
1108 2680 1174 2722 dati
1189 2681 1279 2725 suna
1294 2686 1416 2722 'Alium
1427 2686 1534 2721 vetiarn
1555 2687 1667 2725 locum
1687 2703 1754 2727 non
1766 2688 1836 2712 ¹⁰⁴⁸·
1850 2686 1882 2713 ⁶·

970 2727 1079 2764 minus
1087 2731 1228 2778 turpiter
1249 2731 1347 2775 suillo
1364 2745 1422 2767 tuo
1433 2733 1538 2769 rostro
1549 2737 1754 2786 consputas,
1767 2727 1801 2762 ⁶⁵

971 2777 1084 2813 dicens
1101 2779 1173 2821 luce
1184 2779 1314 2817 iustitiae
1327 2781 1639 2823 Christi'illuminari
1649 2792 1757 2825 omne'
1764 2822 1766 2824 .

971 2826 1142 2875 hominem
1155 2830 1342 2866 venientem
1356 2833 1389 2868 in
1403 2833 1681 2885 mundum.Qas1
1692 2849 1754 2873 ve-

971 2874 1010 2920 ri>
1022 2875 1278 2917 nonsubiiceret
1297 2878 1466 2920 continuo*
1482 2881 1555 2928 post
1575 2885 1756 2927 Iohannes,

971 2924 1077 2964 luceru
1085 2925 1119 2960 in
1132 2925 1276 2962 tenebris
1288 2929 1394 2964 lucere
1403 2952 1413 2968 ‚
1431 2930 1494 2966 &a
1504 2933 1649 2969 tenebris
1660 2948 1759 2971 corn-

970 2972 1151 3020 prehendi:
1166 2975 1286 3023 quibus
1307 2977 1414 3011 verbis
1426 2976 1586 3028 significet
1599 2985 1760 3031 quicquid

972 3022 1108 3065 rationis
1126 3027 1158 3060 δι
1177 3026 1405 3071 intelligentiae
1424 3027 1536 3072 datum
1551 3043 1617 3066 erat
1642 3032 1760 3070 homi.-,

972 3069 1116 3113 nibusab
1125 3073 1237 3112 initio,
1252 3071 1442 3117 suffocatum
1452 3073 1525 3117 effe,
1536 3084 1569 3115 δι
1582 3082 1684 3128 prope
1698 3093 1763 3117 ex*

974 3120 1190 3165 tinecumtnec
1199 3122 1284 3157 aliud
1298 3120 1451 3170 superesse
1461 3129 1763 3177 remediumquam.

975 3179 1011 3212 vt
1022 3168 1172 3212 Christus
1184 3180 1284 3204 caecos
1294 3171 1468 3215 illuminet.
1480 3177 1609 3214 ,Verum
1623 3174 1761 3225 quidem

979 3216 1204 3258 est,Christum
1220 3220 1483 3269 neminipetenti
1495 3228 1631 3272 gratiam
1645 3226 1765 3273 negas-·

145 3255 296 3306 stupido
306 3257 475 3308 proficies?
488 3257 634 3305 obieeta
642 3259 764 3299 nebula
772 3261 930 3314 perstrinff
981 3253 1034 3315 seg:
1044 3266 1174 3318 sednon
1185 3278 1312 3315 reputas
1318 3281 1398 3312 vvecta
1407 3294 1418 3310 2
1440 3276 1473 3308 δι
1490 3284 1598 3318 preces
1611 3275 1629 3309 a
1640 3278 1762 3326 Spiritu

1383 3319 1528 3357 DDdd
1579 3323 1615 3368 iij
