2113 3674
314 195 381 232 420

324 257 396 293 quae
419 242 568 291 despe5ta
577 240 646 276 Dei
658 239 820 274 maiestate
838 234 994 271 homines
1008 235 1113 270 modo

324 294 454 341 suspicit
472 305 506 326 ac
534 300 699 324 reueretur
727 290 741 322 ?
775 285 867 321 Prius
885 297 994 321 autem
1016 285 1115 332 quaxn

323 347 417 389 Papae
431 339 628 379 mercenarii
642 338 794 372 nebulam
815 334 991 370 offendunt
1003 347 1038 368 ex
1049 335 1114 368 Ec-

325 391 425 426 clesiae
447 399 624 436 praetcxtu,
646 386 811 422 luculenta
822 386 1042 431 explicatione
1061 383 1114 416 di-

323 438 470 476 scusserat
490 437 649 472 Caluinus
669 459 679 475 ,
699 435 799 482 quam
821 446 934 481 parum
955 443 1115 466 verecun-

324 489 366 522 de
381 488 514 534 obtegit
529 483 662 521 censor:
677 483 752 518 cum
764 494 872 517 totam
886 482 1066 529 Epistolam
1080 492 1116 512 a-

323 526 487 583 liquandi)
511 535 707 569 memoriter
726 533 909 567 recitauerit
927 534 942 563 ?
980 530 1027 563 Ex
1049 540 1116 561 vno

323 597 434 620 autem
461 583 567 618 verbo
593 583 686 631 plane
709 583 812 628 liquet
842 580 941 626 quam
968 576 1117 624 peruerse

323 634 477 670 mutilam
499 629 690 666 sententiam
716 627 905 665 detorserit.
957 629 1008 660 Sic
1029 627 1116 660 enim

328 683 524 718 Sadoletum
546 681 723 726 compellat
745 678 905 713 Caluinus
927 699 936 714 ,
958 677 1012 709 Tu
1035 674 1118 708 mil-ri

324 744 386 778 pro
407 728 549 765 Ecclesia
571 728 729 763 obtrudes
748 751 759 766 ,
790 736 861 773 quae
887 736 1004 758 ornnes
1022 724 1117 757 Reli-

325 781 437 828 gionis
463 778 579 814 nostrae
600 777 804 819 sanctiones,
824 779 936 821 &quae
956 773 1022 826 Dei
1043 784 1119 805 ora-

325 829 408 864 culis
426 825 498 862 sunt
513 827 668 875 proditae,
694 830 724 861 δι
737 836 807 872 quae
828 823 1010 857 sanetorum
1032 833 1120 867 quo-

326 889 393 925 que
414 879 548 911 Parrum
572 874 664 909 libris
676 871 747 908 sunt
769 872 1029 918 consignatae,&
1051 882 1120 916 quae

325 925 436 974 priscis
456 925 622 960 Conciliis
654 922 789 957 decretae
812 919 931 957 furiose
954 916 1120 965 persequi-

324 977 401 1011 tur?
428 976 587 1020 Denique
606 971 672 1005 haec
693 973 832 1019 ponitur
855 968 1004 1003 Ecclesiae
1034 966 1120 1001 defi-

325 1026 413 1060 nitio
441 1038 450 1058 :
481 1034 516 1057 vt
536 1022 572 1056 lit
593 1019 727 1055 societas
749 1019 932 1054 sanctorum
952 1017 1119 1055 omnium,

326 1085 399 1121 quae
418 1085 474 1120 per
498 1082 606 1105 totum
628 1067 747 1104 orbem
767 1066 882 1104 ‘diffusa
902 1090 911 1106 ,
933 1078 988 1112 per
1004 1078 1120 1099 omnes

327 1132 435 1157 aetares
457 1117 594 1167 dispersa
611 1141 620 1156 ‚
647 1130 710 1152 vna
725 1129 833 1152 tamen
855 1115 1127 1151 Cliristidoftri-‘

327 1183 369 1205 na
383 1193 392 1209 .
415 1174 447 1205 &
464 1181 532 1203 vno
555 1167 678 1215 Spiritu
700 1168 873 1214 colligata,
897 1165 1057 1198 vnitatem
1079 1163 1120 1198 fi-

330 1219 385 1253 dei
397 1230 433 1252 ac
447 1215 619 1252 fraternam
629 1216 843 1251 concordiam
856 1214 934 1248 colit
945 1224 1044 1260 atque
1055 1212 1119 1247 ob-

336 1265 456 1302 seruat.

385 1318 471 1362 Qae
481 1312 660 1362 sequuntur
673 1337 684 1354 ‚
695 1311 780 1347 adeo
793 1310 954 1357 implicita
967 1306 1038 1344 sunt
1048 1319 1122 1343 tor-

333 1361 644 1409 tuosis‘ambagibus
657 1384 666 1400 ‚
680 1373 714 1395 vt
728 1361 798 1395 suos
811 1359 1006 1410 rhonchos,
1030 1357 1122 1393 sicuti

330 1413 511 1448 arridendo
522 1411 647 1458 semper
661 1409 739 1444 solet
753 1433 762 1448 ,
783 1407 891 1443 efflare
908 1409 1005 1442 dicas.
1035 1409 1121 1442 Am-

330 1463 432 1510 pleeci
445 1460 475 1495 se
488 1457 622 1494 affirmat
636 1463 668 1495 &
680 1459 824 1492 venerari
838 1468 991 1504 tanquam
1005 1456 1121 1490 Eccle-

330 1510 431 1546 clefiae
451 1510 620 1556 proprium
638 1531 648 1547 ‚
666 1506 825 1555 quicquid
848 1507 881 1540 in
901 1516 1038 1552 vtraque
1055 1505 1123 1540 Ec-

329 1559 434 1594 clesiae
457 1570 568 1605 parte,
597 1555 662 1591 siue
685 1569 720 1590 ea
738 1557 877 1600 antiquo
896 1555 1034 1588 nomine
1054 1555 1123 1588 Ca-

329 1607 455 1642 tholica
474 1631 483 1645 ‚
506 1606 571 1641 siue
590 1618 693 1653 nuper
715 1616 792 1638 nato
814 1604 1011 1650 Euangelica
1033 1614 1121 1636 nun-

331 1668 483 1704 cupetur,
499 1657 663 1702 integrum
679 1677 689 1693 ,
702 1652 823 1691 sanum,
838 1653 997 1686 doetrinae
1009 1651 1122 1685 Euan-

331 1707 443 1753 gelicae
465 1709 497 1740 δε
525 1702 726 1750 Apostolicae
753 1701 928 1736 traditioni
946 1698 1122 1735 consenta-

331 1762 431 1789 neum
453 1754 593 1787 inuenit.
621 1752 713 1798 Qd
732 1762 839 1785 autem
853 1773 863 1789 ‚
890 1749 913 1784 fi
934 1750 1001 1783 eius
1019 1749 1122 1795 placi-

330 1803 374 1837 tis
404 1803 520 1837 stamus
541 1824 552 1840 ‚
580 1802 667 1834 aliud
686 1798 731 1834 est
760 1800 895 1833 traditio
916 1796 1121 1845 Apostdica,

331 1851 432 1898 quam
457 1849 637 1895 antiquitus
658 1859 785 1895 recept-a
797 1848 942 1894 opinio?
972 1849 1020 1880 Ita
1040 1845 1124 1881 sicet

330 1898 515 1943 &indubia
529 1897 595 1932 fide
622 1897 766 1931 munitus
790 1899 849 1930 erit
861 1908 951 1929 error
968 1894 1120 1942 quilibet,

330 1947 503 1984 vetustatis>
523 1945 639 1980 vmbra
660 1944 824 1979 obtectus.
871 1945 977 1978 Addit
1000 1956 1069 1977 eam
1093 1943 1123 1977 se

331 1993 583 2042 Ecclesiam'pr'o
595 2006 667 2029 vera
680 1992 818 2028 Ecclesii
832 1991 1006 2039 agnoscere
1018 2015 1028 2031 ,
1046 1993 1122 2037 quia

330 2045 365 2079 in
380 2042 599 2079 fundamento
611 2054 693 2077 verae
714 2047 746 2078 &
771 2042 972 2088 Apostolicae
992 2041 1122 2075 deciri-

329 2104 380 2128 nae
401 2091 572 2131 consistat,
585 2104 644 2127 nec
654 2092 760 2137 impio
772 2087 967 2124 schismate&
979 2090 1120 2136 reliqua-

328 2154 403 2176 rum
421 2140 635 2176 Eccleliarum
663 2140 904 2186 communione
933 2138 963 2172 se
983 2138 1116 2185 separet.

328 2192 385 2226 De
397 2191 511 2224 nostris
535 2187 690 2224 Ecclesiis
707 2201 781 2222 eum
795 2188 886 2234 loqui
900 2211 910 2226 ,
925 2200 962 2222 ex
982 2198 1119 2221 contex-

328 2250 364 2274 tu
386 2251 539 2286 apparet:
569 2237 626 2272 vbi
647 2248 708 2270 nos
727 2237 834 2283 Sym,
855 2235 1121 2282 AEthiopibus&

328 2288 501 2324 Armeniis
510 2297 693 2333 comparat.
707 2287 778 2321 Cur
788 2297 869 2333 ergo
882 2284 955 2320 ante
971 2296 1119 2330 pronun-

329 2339 427 2372 tiauit
447 2348 509 2371 nos
522 2348 581 2383 pro
598 2333 808 2370 schismaticis
828 2333 1022 2368 habendos?
1036 2334 1122 2379 Qis

328 2398 400 2421 non
423 2385 513 2419 videt
543 2384 744 2430 spestrorum
770 2382 904 2417 obiestu
925 2392 999 2416 eum
1026 2382 1127 2416 ludeJ

328 2437 389 2469 re?
418 2433 523 2476 Quod
547 2443 660 2467 autem
682 2444 749 2465 non
768 2442 860 2479 putat
877 2431 916 2465 ad
937 2430 1120 2465 distrahen-

329 2483 386 2518 das
406 2480 566 2517 Ecclesias
579 2482 684 2514 valere
707 2481 973 2514 caeremoniarum
993 2481 1122 2525 aliquot

329 2536 361 2568 δι
372 2530 590 2578 quaestionum
605 2528 824 2563 diuerfitatcm
836 2551 846 2568 ‚
858 2528 961 2562 modo
973 2528 1004 2561 in
1018 2528 1120 2563 Chri-

329 2582 379 2614 sto
397 2581 505 2626 capite
523 2583 554 2614 δε
583 2577 703 2613 sincera
731 2576 891 2611 charitate
921 2589 1129 2612 commumO'

329 2631 529 2664 retineatur:
551 2626 681 2662 reeteid
694 2626 852 2672 quidem,
874 2624 932 2659 nisi
957 2626 1120 2673 multipli-

327 2689 401 2715 cem
424 2682 457 2713 &
478 2676 603 2711 varium
625 2673 795 2710 Christum
819 2684 883 2707 tarn
905 2687 942 2708 ex
963 2674 1120 2709 adulteri-

327 2727 381 2760 nis
409 2725 610 2760 commentis
630 2747 640 2763 ,
672 2723 773 2771 quam
794 2735 830 2756 ex
857 2722 1028 2770 Euangelij
1055 2723 1119 2757 do-

325 2774 431 2820 Qrina
456 2773 634 2809 conflaret:
651 2771 732 2806 sicut
742 2770 816 2805 ante
830 2768 930 2804 visum
943 2771 1009 2806 est.-
1028 2773 1118 2815 Qi-

325 2822 387 2858 bus
412 2824 505 2856 enini
526 2822 689 2868 portentis
711 2831 781 2855 non
807 2817 972 2866 aptabitur
989 2819 1130 2856 Christi·

325 2883 452 2907 nomen
467 2885 474 2904 ε
489 2871 625 2917 quando
647 2882 722 2905 eum
737 2868 819 2902 dicit
829 2879 928 2914 caput
939 2869 1073 2902 retineri
1083 2870 1118 2903 in

324 2923 448 2967 Papatu
462 2942 472 2957 ‚
496 2918 553 2952 vbi
567 2918 681 2957 misero}
703 2921 857 2951 laceratus
881 2915 924 2949 est
940 2929 976 2951 ac
996 2916 1117 2952 discer-

328 2980 403 3017 ptus
416 2991 426 3006 ‚
441 2967 567 3000 auulsus
579 2967 595 3001 :i
608 2965 663 3001 suo
685 2965 873 3013 Euangelio
883 2987 893 3003 ‚
907 2969 937 3000 δι
951 2966 1018 2999 eius
1028 2966 1117 3000 veri-

325 3029 374 3053 tas
396 3013 770 3051 horribilideformitate
791 3013 933 3048 sedata?
955 3015 1046 3061 Ergo
1062 3013 1117 3049 hic

324 3068 390 3102 etii
411 3065 508 3099 ludit.
522 3065 553 3098 Si
566 3075 626 3110 pro
637 3064 686 3097 sua
702 3062 904 3109 grauitatein
915 3063 1030 3108 primis
1040 3065 1119 3108 odit·

322 3113 507 3151 fassionum
530 3114 666 3145 nomina
677 3135 686 3149 ‚
697 3117 728 3147 δι
741 3124 778 3145 ex
791 3107 903 3144 inferis
919 3110 1027 3144 emissa
1041 3124 1113 3147 cre-

322 3164 393 3199 dit:
406 3163 484 3197 dum
495 3160 529 3194 hi
543 3161 627 3194 alios
640 3159 799 3207 Papistas,
821 3158 1115 3200 Amiclwistimm,

321 3214 445 3247 Satanae
465 3207 630 3248 ministros
652 3232 660 3244 ,
690 3207 799 3242 hostes
819 3207 976 3241 doetrinae
1011 3208 1113 3243 Chri-

322 3260 365 3298 sti
379 3276 390 3298 z
407 3260 462 3297 illia
474 3258 553 3294 vero
566 3257 683 3294 contra
699 3257 782 3292 alios
793 3256 963 3292 haereticos
974 3280 985 3297 ,
1010 3255 1115 3293 schis-

905 173 1372 211 RESPONSIO

1165 236 1303 270 maritos
1323 256 1333 273 ,
1353 232 1512 282 apostatas
1531 257 1541 274 ‚
1570 235 1719 270 Ecclesiae
1741 234 1866 271 Christi
1884 237 1947 271 ho-

1165 284 1227 318 stes
1237 284 1421 331 appellant:
1435 281 1566 330 curi'pse
1577 297 1661 319 noua
1675 290 1705 321 &
1722 286 1878 324 inaudita,
1890 299 1948 321 nec

1166 334 1274 366 minus
1288 332 1401 366 odiosa
1415 333 1512 379 paulo
1525 332 1951 378 postcomminiscitur,durn

1166 381 1433 416 Anticatholicos
1453 385 1483 416 δι
1512 382 1725 417 Caluinianos
1739 383 1825 417 reffite
1841 383 1951 418 vocari

1167 427 1274 464 censet
1287 454 1296 469 ‚
1317 442 1400 477 quos
1411 430 1492 463 olim
1507 442 1568 476 pro
1580 429 1640 464 suis
1652 430 1882 478 condiscipulis
1892 432 1953 466 ha-

1166 479 1239 512 buit
1258 482 1272 512 ?
1302 478 1406 527 Qd
1419 478 1440 512 si
1454 477 1626 513 desultoria
1643 479 1845 515 hacleuitate
1858 481 1954 515 vani·

1168 539 1268 562 tatem
1282 526 1367 562 suam
1380 526 1542 574 prodidit,
1555 527 1663 563 saltem
1678 531 1780 564 veteri
1796 528 1953 578 magistro

1168 576 1369 624 pepercisset.
1936 582 1947 592 Χ

1215 625 1406 660 Videndum
1418 637 1504 659 nunc
1517 624 1537 659 fi
1552 626 1618 659 eius
1629 625 1761 661 decreto
1773 625 1953 673 acquiesci-

1169 687 1241 709 mus
1254 697 1263 713 ‚
1279 675 1335 707 vbi
1357 687 1416 708 nos
1430 673 1602 709 consistere
1619 686 1770 721 oporteat
1793 687 1828 709 vr
1849 675 1952 710 Chri-

1169 722 1264 757 stiani
1277 719 1587 766 censerintur.Quod
1600 735 1656 757 eos
1668 736 1835 771 perperam
1848 723 1954 759 facere

1170 772 1290 806 iudicat
1301 795 1311 810 ‚
1324 777 1381 819 qui
1395 774 1536 819 partium
1548 773 1648 805 studia
1671 773 1807 807 vitando
1822 784 1955 808 neutra-
1980 775 1983 776 ⁷

1170 821 1233 854 lem
1249 821 1408 854 inducunt
1422 820 1551 858 (ceiam,
1562 820 1716 860 libenter,
1729 823 1865 868 recipio.
1880 823 1956 857 Nec

1172 869 1250 903 vero
1263 870 1344 904 mihi
1358 871 1460 916 placet
1472 882 1659 917 quc-nquam
1675 871 1862 904 immodico
1880 884 1957 919 par-

1172 920 1216 951 tis
1226 917 1333 952 studio
1359 917 1419 952 esse
1439 919 1606 953 addietum
1620 942 1631 958 ‚
1652 920 1742 966 quod
1768 919 1956 955 libertatern

1171 971 1201 1002 &
1215 968 1401 1012 aequitatem
1418 967 1588 1001 iudicandi
1599 969 1848 1013 prepediar-Sed
1866 969 1959 1016 quod

1171 1015 1276 1062 probe
1288 1013 1397 1049 dixisse
1409 1013 1492 1049 visus
1506 1015 1563 1054 est,
1575 1018 1724 1050 mometo
1735 1016 1846 1063 postea
1858 1030 1958 1052 euer-

1170 1067 1224 1099 tit.
1237 1065 1411 1100 contendit
1423 1067 1510 1099 enim
1523 1062 1645 1098 rursum
1656 1088 1666 1103 ,
1678 1066 1753 1111 quia
1771 1065 1960 1114 Religionis

1172 1111 1422 1148 fundamentum
1438 1117 1469 1147 in
1492 1116 1612 1160 papatu
1624 1124 1755 1152 manet,
1771 1114 1845 1160 pios
1867 1127 1900 1148 1n
1915 1127 1958 1149 eo

1172 1174 1259 1197 coetu
1273 1160 1359 1209 posse
1369 1161 1561 1197 versari.Sed
1573 1173 1636 1208 qua
1652 1160 1761 1196 fronte
1770 1161 1873 1198 asserit
1883 1162 1962 1198 fun-

1172 1211 1285 1245 datum
1306 1210 1366 1245 esse
1397 1212 1431 1244 in
1462 1210 1597 1245 Christo
1616 1214 1795 1258 Papamm,
1815 1211 1872 1246 vbi
1888 1214 1961 1248 tota

1172 1261 1239 1293 eius
1252 1261 1355 1308 gloria
1379 1265 1411 1295 δέ
1431 1260 1533 1293 virtus
1553 1259 1707 1306 prostrata
1727 1262 1830 1295 iacet?
1858 1263 1957 1309 Qo-

1173 1306 1277 1342 modo
1289 1310 1357 1342 illic
1371 1310 1518 1343 credetur
1529 1308 1608 1343 stare
1632 1309 1788 1357 Religio,
1808 1310 1866 1344 vbi
1888 1312 1953 1345 do-

1172 1358 1275 1391 &rina
1305 1357 1501 1404 Prophetica
1521 1362 1553 1393 ἃ
1573 1357 1767 1405 Apostolica
1792 1358 1959 1396 hostiliter

1172 1418 1383 1453 oppugnatur
1393 1410 1407 1438 ?
1418 1407 1460 1440 Et
1471 1406 1544 1442 cum
1555 1408 1747 1454 pronuntiet
1759 1406 1889 1443 haereses
1901 1409 1961 1442 da-

1172 1456 1293 1489 nandas
1315 1454 1395 1494 else,
1417 1457 1592 1502 quomodo
1613 1467 1665 1489 eas
1683 1456 1959 1502 separabit-*aPa-

1173 1515 1248 1551 patu
1262 1527 1272 1544 ‚
1291 1506 1346 1551 qui
1369 1507 1539 1538 innumera
1556 1505 1737 1551 impiorum
1763 1506 1960 1552 dogmatum

1172 1552 1267 1586 turba
1289 1553 1386 1586 scatet
1399 1556 1413 1585 ,ἓ
1436 1553 1496 1587 Sed
1510 1566 1578 1588 non
1591 1554 1678 1588 aliud
1700 1554 1831 1589 viderur
1851 1567 1961 1589 reme-

1173 1602 1264 1635 dium
1278 1625 1286 1640 ,
1300 1601 1356 1635 vbi
1369 1603 1490 1648 religio
1512 1603 1597 1637 inter
1610 1603 1675 1636 duo
1687 1603 1768 1637 mala
1787 1602 1890 1650 posita
1901 1605 1957 1638 est.

1172 1650 1263 1697 Ergo
1280 1651 1325 1683 ita
1339 1662 1428 1685 nunc
1451 1650 1583 1686 Ὼηκοινδς
1595 1649 1640 1685 est
1651 1651 1763 1686 censor
1773 1652 1900 1690 noster,
1924 1664 1959 1688 Vt

1173 1699 1377 1733 clandestino
1396 1698 1539 1733 artifieio
1561 1707 1713 1734 neutrum
1733 1712 1837 1748 genus
1855 1699 1959 1735 fabri-

1172 1759 1234 1782 cet.
1262 1750 1349 1782 Vera
1361 1747 1406 1782 est
1423 1759 1486 1781 tam
1501 1749 1587 1795 apud
1599 1750 1744 1795 Papistas
1757 1748 1958 1796 quam'apud

1172 1808 1233 1829 nos
1245 1797 1363 1844 religio
1378 1796 1553 1842 :Vtrosque
1566 1808 1675 1832 tamen
1695 1797 1864 1832 obnoxios
1881 1797 1960 1832 facit

1172 1846 1283 1879 multis
1295 1845 1470 1879 erroribus.
1482 1846 1575 1893 Qid
1590 1845 1811 1892 superest‚·nisi
1824 1857 1856 1880 vt
1868 1857 1960 1892 parte

1172 1893 1330 1928 doetrinae
1346 1895 1501 1941 vtrinque
1518 1893 1662 1933 abolita,
1684 1896 1774 1941 quod
1793 1893 1958 1929 residuum

1172 1944 1232 1976 erit
1244 1940 1482 1976 simulass‘uatur
1493 1966 1502 1981 ‚
1518 1953 1554 1976 vt
1569 1955 1653 1977 noua
1665 1941 1808 1977 Ecclesia
1826 1956 1863 1977 ex
1875 1944 1959 1977 dua-

1172 1990 1233 2025 bus
1242 1990 1375 2025 diuersis
1387 1991 1569 2037 composita
1583 1990 1688 2040 surgat
1699 1995 1714 2024 ?
1724 1994 1853 2026 Interea
1873 1991 1958 2026 mire.

1172 2039 1346 2087 versipellis
1370 2039 1415 2074 est
1437 2039 1607 2087 theologia
1621 2064 1631 2080 ,
1645 2039 1957 2074 Pseudocatholicos

1172 2100 1386 2122 nuncvocare
1406 2086 1599 2134 quibuscum
1612 2089 1717 2123 voluit
1739 2090 1957 2123 communio-

1171 2149 1246 2171 nem
1259 2136 1388 2171 seruari.
1406 2138 1500 2178 Quid
1511 2149 1590 2184 ergo
1603 2139 1665 2184 piis
1674 2138 1741 2172 Dei
1755 2137 1953 2178 cultoribus,

1170 2187 1228 2231 qui
1239 2186 1324 2220 inter
1336 2185 1480 2232 Papistas
1492 2185 1675 2233 degunt‚ne
1686 2185 1766 2220 siant
1778 2184 1958 2221 schismati-

1171 2236 1199 2268 ci
1223 2257 1232 2271 ,
1251 2235 1416 2281 agendum
1435 2237 1450 2266 ἓ
1476 2235 1548 2268 Illic
1565 2233 1652 2269 certe
1672 2234 1887 2269 dominantur
1898 2235 1957 2283 qui

1171 2283 1368 2329 pontificem
1389 2284 1581 2318 Romanum
1608 2282 1735 2318 tantum
1759 2295 1826 2318 non
1845 2285 1957 2319 Deum

1171 2330 1295 2365 faciunt
1305 2354 1316 2369 ,
1327 2342 1364 2365 vt
1375 2330 1490 2365 censor
1500 2332 1650 2378 loquitur
1660 2355 1671 2371 ‚
1689 2330 1823 2378 eiusque
1832 2333 1957 2368 autho-

1170 2381 1299 2413 ritatem
1315 2392 1382 2413 non
1394 2380 1500 2415 modo
1522 2379 1612 2426 supra
1635 2391 1742 2415 totam
1764 2380 1954 2421 Ecclesiam,

1170 2428 1221 2463 sed
1234 2426 1324 2475 supra
1335 2430 1536 2475 Scripturam
1546 2427 1703 2463 efferunt:
1724 2429 1765 2464 ab
1776 2428 1828 2464 his
1838 2429 1956 2465 disces-

1171 2477 1294 2511 sionem
1306 2476 1424 2524 sponte
1444 2476 1547 2512 facere
1566 2478 1589 2513 si
1602 2479 1738 2527 Religio
1757 2477 1956 2517 summere

1169 2526 1203 2559 in
1216 2524 1372 2574 sacrilego
1383 2527 1442 2560 illo
1454 2538 1541 2561 coetu
1555 2550 1564 2564 ‚
1577 2527 1677 2574 quam
1686 2527 1791 2574 turpis
1801 2532 1833 2563 δι
1855 2526 1955 2562 scele-

1169 2574 1214 2609 sta
1234 2575 1296 2608 erit
1317 2576 1468 2621 proditio
1490 2577 1503 2608 ?
1535 2575 1700 2612 Caetertim
1713 2576 1819 2610 donec
1839 2575 1955 2611 nostrae

1169 2623 1328 2657 doctrinae
1349 2624 1427 2659 vitia
1440 2629 1475 2660 &
1493 2636 1616 2659 errores
1637 2624 1838 2664 ostenderit,
1858 2637 1955 2660 com-

1168 2683 1317 2706 mentum
1330 2674 1399 2707 eius
1412 2695 1421 2712 ,
1442 2673 1658 2721 Religionem
1680 2674 1766 2708 inter
1783 2674 1851 2707 duo
1871 2674 1954 2708 mala

1168 2719 1228 2754 effe
1240 2720 1378 2767 positam
1392 2745 1403 2760 ‚
1413 2722 1588 2756 admittere
1598 2723 1749 2769 iniquum
1761 2720 1855 2760 effen
1869 2721 1954 2757 sicu-

1167 2770 1194 2803 ti
1209 2781 1308 2803 nemo
1322 2765 1412 2803 sanus
1423 2770 1587 2805 admittet.
1614 2771 1657 2805 Et
1669 2770 1876 2817 tamen=quod
1889 2782 1952 2804 ne-

1167 2829 1298 2865 gauerat
1311 2817 1373 2852 sibi
1386 2818 1519 2865 probari
1531 2821 1709 2854 neutralem
1721 2818 1851 2857 set-qam,
1863 2816 1952 2865 quasi

1166 2866 1212 2901 sui
1222 2865 1348 2900 oblitus
1359 2879 1449 2903 nunc
1460 2869 1608 2914 repudiat
1617 2891 1629 2906 ‚
1642 2869 1774 2903 tertium
1785 2867 1954 2912 quoddam

1166 2927 1269 2963 genus
1282 2914 1458 2950 hominum
1472 2917 1649 2963 ponendo,
1661 2916 1780 2963 quibus
1793 2913 1822 2948 se
1832 2915 1951 2950 adiun-

1165 2964 1214 3011 git
1226 2962 1404 2999 socium.1n
1417 2977 1485 3012 quo
1499 2963 1728 2999 subscriberem
1741 2963 1951 2998 eiussenten·

1165 3024 1230 3051 tiae,
1244 3011 1265 3046 si
1278 3013 1432 3060 probaret
1444 3012 1597 3048 sinceram
1609 3014 1739 3060 pietatis
1749 3012 1949 3052 defin-inam,

1164 3062 1242 3108 quia
1261 3062 1348 3108 apud
1369 3074 1432 3096 nos
1457 3075 1525 3096 non
1556 3062 1744 3109 repetituri,
1769 3061 1805 3102 in
1827 3061 1957 3095 ‚medio

1163 3111 1375 3157 quaerendum
1401 3110 1473 3146 effe.
1512 3111 1573 3145 Sed
1592 3110 1730 3145 cums-*ne
1750 3110 1784 3143 in
1805 3110 1949 3145 minimo

1164 3160 1298 3205 quidem
1319 3160 1413 3206 apice
1424 3182 1435 3199 ‚
1453 3159 1472 3195 a
1490 3171 1566 3206 pura
1580 3156 1784 3204 simplicique
1796 3156 1877 3194 fidei
1889 3171 1957 3193 ora·

1162 3207 1320 3243 tbodoxae
1340 3205 1630 3255 reguladeflexiffe
1648 3205 1833 3245 ostendat,
1853 3206 1956 3253 quod.

1163 3256 1273 3292 minus
1305 3257 1558 3293 consentaneum
1580 3255 1626 3290 est
1650 3255 1750 3302 quim
1777 3255 1955 3292 costales»

1873 3305 1942 3339 lau·
