2113 3674
245 162 303 197 732

234 210 382 247 occurrit
392 234 403 251 ‚
428 208 464 244 in
475 203 646 243 Christum
662 202 839 236 hominem
850 210 1033 248 competat,

238 260 368 309 perfide
381 272 435 294 me
445 267 538 304 agere
550 253 754 287 criminatur.
766 251 828 285 Sed
841 252 940 286 nimis
951 251 1033 285 ridi-

239 312 312 346 cula
325 309 371 344 est
382 321 450 343 eius
463 303 643 339 insultatio.
680 301 767 346 Qs
779 300 870 334 enim
888 310 986 348 negat
997 312 1034 334 ex

239 372 309 406 quo
326 357 472 392 hominis
486 362 633 386 naturam
649 347 813 396 assumpsit
825 351 940 384 Sermo
952 349 1032 388 Dei,

239 407 300 443 else
318 406 491 441 hominem
503 399 628 435 filium?
640 399 715 434 Nec
727 397 807 432 vero
819 399 911 432 aliter
921 399 1034 432 Euan-

237 457 317 492 listae
334 455 374 490 de
390 451 460 500 ipso
469 450 564 497 loqui
575 448 918 496 poterant-Conuenit
932 446 1035 494 igitur

239 505 315 548 Filii
329 513 453 538 nomen
467 498 601 533 homini
611 496 768 533 Christo:
787 495 838 531 sed
853 508 921 530 non
934 508 992 542 pro
1004 498 1034 529 i-

238 552 470 600 maginatione
490 548 616 583 Serueti
626 569 637 587 ,
658 547 716 593 qui
727 545 875 580 hominis
888 543 1034 579 substan-

239 603 318 637 tiam
330 598 437 636 Verbi
450 598 622 633 Deitatem
642 593 702 630 effe
715 595 845 630 clamat.
875 595 1003 629 Citatus
1016 592 1034 627 ὲ

240 663 297 685 me
309 647 413 684 fuerat
425 647 585 682 Iohannis
599 646 704 684 locus,
715 642 805 689 quod
820 643 940 694 semper
947 642 1032 688 apud

238 700 354 735 Deum
371 696 471 732 fuerit
482 697 610 731 Sermo.
623 691 765 728 Pulchre
776 691 805 727 se
818 692 957 739 claplum
970 702 1032 737 pu-

239 759 409 796 tat‚quurn
423 758 476 781 me
487 757 556 779 non
570 743 758 790 intelligere
770 741 851 776 dicit
862 739 940 788 quid
952 751 1033 786 pro-

237 797 311 845 prie
325 796 364 832 fit
375 795 577 841 sermotquia
589 792 712 826 scilicet
723 791 791 825 eius
804 799 1034 825 commentum

238 846 281 881 de
293 846 502 895 cogitatione
522 841 654 876 creandi
667 839 742 885 Filij
756 852 824 874 non
839 838 1032 884 ainplecstor:

237 894 293 930 sed
306 895 461 942 intelligo
479 891 652 939 Sapientiae
664 888 846 936 hypostasin
856 886 896 921 sic
909 887 942 920 in
953 888 1033 921 Deo

237 943 451 982 residentem,
471 953 506 976 vt
516 952 580 974 vna
594 938 706 974 sitDei
717 936 859 976 essentia,
872 934 1033 971 distinctae

237 994 453 1041 perlonae.Ac
462 988 634 1038 personam
646 987 783 1036 quidem
793 988 942 1020 Seruetus
955 995 1029 1019 ver-

238 1043 287 1077 bo
298 1038 525 1079 concedir‚sed
535 1036 666 1077 lusorie,
680 1033 967 1083 quemadmodum
979 1033 1032 1068 di-

239 1092 283 1127 xi.
302 1090 437 1137 Excipit
448 1087 478 1122 se
490 1085 710 1135 propriissime
722 1084 938 1131 acciperem
952 1081 1033 1117 verb

241 1139 407 1175 abutizsed
420 1148 570 1185 quaenam
583 1136 636 1170 illa
646 1135 688 1169 est
699 1132 1034 1181 proprietas?Nempe

239 1189 335 1236 quod
348 1187 486 1236 persona
498 1184 652 1222 formam,
667 1185 719 1217 vel
731 1181 868 1229 speciem
880 1181 1030 1215 denotet.

240 1237 314 1286 Ipse
328 1237 408 1272 vero
421 1234 547 1271 Christi
557 1233 708 1268 hominis
722 1231 851 1266 vultum
861 1230 986 1276 semper
997 1231 1033 1264 in

239 1289 275 1322 in
296 1289 375 1323 Deo
391 1281 571 1333 apparuiffe
583 1282 676 1317 dicit.
695 1279 809 1316 Nobis
829 1277 931 1317 verb,
953 1278 1032 1313 dum

238 1340 373 1372 Patrem
394 1343 583 1382 reputamus
594 1343 700 1366 rerum
723 1328 873 1363 omnium
889 1325 1032 1367 fontem,

238 1398 276 1420 ae
289 1377 520 1433 principium?
536 1381 648 1430 gloriae
665 1380 732 1414 eius
748 1376 857 1425 fulgor
872 1375 946 1411 satis
957 1377 1032 1410 illu-

237 1425 370 1476 strisest
383 1431 529 1480 persona.
538 1433 578 1466 In
590 1429 752 1477 Sapientia
766 1427 934 1464 etiarn,aut
947 1427 1033 1461 Ver-

239 1482 288 1521 bo
299 1482 432 1529 affulget
448 1481 501 1514 lux
513 1478 717 1514 admirabilis
728 1500 738 1517 ,
761 1486 831 1523 quae
841 1476 969 1510 Patrem
980 1487 1034 1510 re*-

239 1531 422 1580 praesentat.
445 1530 521 1564 Nec
531 1526 704 1563 effentialis
716 1526 782 1561 Dei
796 1526 899 1560 virtus
912 1526 946 1559 in
958 1524 1034 1572 Spi-

238 1582 307 1623 ritu
321 1581 437 1614 saneto
449 1576 606 1613 informis
620 1575 733 1614 est2sed
748 1574 919 1622 personam
931 1586 1036 1622 quoq-3

237 1620 329 1666 suam
342 1628 508 1663 habet.Ita
521 1625 613 1666 fit,vt
629 1624 661 1658 in
674 1625 741 1659 Dei
752 1622 880 1658 essentia
888 1624 952 1671 piis
962 1626 1035 1659 me-

236 1677 336 1717 tibus
346 1675 523 1724 affulgeant
536 1685 599 1709 tres
611 1673 764 1721 personat.
786 1675 839 1707 Ac
850 1684 964 1707 verum
975 1670 1037 1707 esse

238 1727 326 1768 illud
345 1725 503 1773 Gregorii
523 1724 727 1760 Nazianzeni
740 1721 938 1768 comprobat
956 1720 1037 1757 fidei

238 1776 531 1823 {experientiamon
544 1770 632 1820 poffe
647 1772 781 1819 concipi
791 1771 906 1806 Deum
917 1782 1035 1812 vnum,

242 1826 334 1872 ,quin
341 1834 405 1863 tres
422 1821 565 1870 fulgores
579 1820 742 1855 continuo
754 1831 816 1854 nos
828 1820 1035 1855 cii-cundem.

243 1872 376 1910 Verum
388 1874 525 1907 Serueto
538 1869 627 1904 nulla
636 1868 681 1903 est
690 1869 760 1903 Dei
773 1866 953 1908 forma,nis1
966 1878 1037 1916 quae

242 1916 489 1964 roct-ilis&carneis
501 1926 644 1966 apparet.
658 1917 765 1962 Qod
777 1914 806 1950 se
817 1916 1036 1953 substitialem

243 1974 280 2008 in
292 1970 409 2011 Verbo
421 1967 634 2004 relucentiam
644 1965 782 2013 poluisse
789 1964 1033 2014 excusatmuga-

239 2022 370 2061 -torium
386 2018 443 2055 est.
458 2019 549 2054 Nam
564 2014 642 2051 alibi
653 2014 821 2050 irradiatio
835 2024 989 2061 tanquam
1002 2017 1037 2050 in

242 2070 535 2118 specu195vocatur.
548 2065 771 2112 Deus,inquit
781 2075 1036 2111 pag.729‚aeter-

243 2120 287 2155 ne
297 2120 462 2167 cogitans,
475 2114 674 2161 externc'que
683 2110 852 2161 proferens
863 2136 872 2152 ‚
885 2114 973 2148 velut,
984 2125 1035 2148 oe-

243 2180 407 2207 conomus
418 2166 616 2213 Sapientiam
628 2160 849 2209 acquisiuit,&
861 2162 1038 2208 prudenter

241 2217 429 2253 adinuenit.
453 2217 613 2261 Qaenam
635 2222 745 2246 autem
763 2211 815 2244 illa
831 2208 892 2245 fuit
904 2222 1036 2259 cogita-

245 2269 487 2313 tio?nempe‚vt
500 2261 646 2310 Epistola
658 2259 741 2295 sexta
753 2259 1032 2308 definit‚pag.591.

243 2315 338 2364 quod
350 2314 503 2349 naturalis
515 2322 581 2346 erat
595 2312 628 2344 in
642 2311 720 2344 Deo
733 2308 853 2348 scietia,
869 2320 904 2343 vt
917 2310 950 2343 in
964 2310 1036 2357 spe-

245 2366 321 2400 culo
333 2362 512 2400 relucentia
527 2359 779 2394 substantialiter
795 2381 804 2393 2
832 2362 864 2394 &
878 2358 1036 2404 primario

245 2412 420 2450 Christum
429 2410 602 2450 continens
616 2432 626 2447 ,
636 2420 705 2455 quae
717 2410 750 2441 in
764 2406 901 2442 Christo
916 2406 1038 2443 dicitur

246 2460 396 2499 effic-Et
408 2458 506 2508 paulo
519 2457 592 2505 post
603 2457 770 2492 concludit
783 2456 961 2495 ideam,vel
971 2455 1038 2492 ser..

249 2523 386 2547 monem
399 2505 571 2554 non'posl'e
590 2505 655 2540 dici
667 2528 678 2545 ‚
699 2506 778 2552 quin
796 2506 927 2540 alterius
938 2507 984 2541 rei
996 2504 1036 2541 sit

241 2559 442 2596 relucentia:
461 2553 605 2603 ideoque
623 2555 761 2603 gloriam
783 2552 1035 2589 Christihomi-

243 2610 296 2644 nis
307 2605 411 2647 fuisse,
425 2618 496 2654 quae
507 2604 548 2639 ab
559 2603 658 2639 initio
669 2604 702 2638 in
712 2603 789 2636 Deo
804 2600 961 2650 fulgebat·
983 2604 1036 2638 Sic

244 2655 412 2694 etiamlib.
431 2656 472 2690 de
491 2654 698 2697 Trinitate3‚
709 2664 783 2698 pag.
798 2655 843 2696 96
853 2675 864 2691 ‚
878 2652 1034 2699 gloriam,

242 2719 343 2754 quam
359 2703 513 2740 Christus
524 2702 659 2737 Ioannis
671 2711 704 2745 17
719 2699 852 2734 testatur
863 2699 892 2734 se
902 2700 1036 2737 habuis-

244 2756 276 2790 se
289 2755 415 2800 semper
430 2752 516 2800 apud
527 2755 655 2786 Patrem
667 2772 678 2790 ,
689 2749 921 2796 Deitatieripit
930 2773 940 2788 ‚
951 2762 987 2785 ac
1000 2751 1037 2784 in·

241 2803 420 2838 hominem
432 2797 957 2847 transfert.Cogita‚inquit,qtiod
966 2811 1036 2834 non

244 2850 438 2889 Deitas,sed
452 2851 557 2885 homo
571 2848 637 2896 ipse
648 2847 730 2894 petit
741 2846 929 2892 glorificari.
942 2848 1035 2896 Ergo

249 2901 358 2939 homo
371 2900 436 2946 ipse
448 2910 514 2934 erat
525 2895 697 2946 gloriosue.
722 2893 794 2930 Vbi
815 2907 900 2931 nunc
911 2896 1036 2932 extabit

242 2952 299 2987 illa
307 2948 550 2990 substantianvd
561 2947 649 2982 vnde
658 2943 756 2980 nobis
765 2943 929 2990 prodibit?
935 2946 1035 2980 Con-

244 2997 466 3038 tenditenim
483 2999 634 3032 Serui-tus
648 2992 821 3041 imaginari
834 2993 865 3026 in
880 2994 957 3027 Deo
969 2995 1032 3028 lar-

243 3062 342 3088 uam,
357 3048 547 3094 quicunque
562 3045 682 3080 mentis
701 3042 816 3077 oculos
828 3041 862 3074 in
879 3041 1032 3077 Verbum

239 3099 410 3146 dirigunt:
424 3096 500 3142 quia
511 3096 613 3142 gloria
625 3117 635 3132 ,
649 3093 739 3128 cuius
751 3090 906 3126 meminit
925 3090 1029 3126 Chri-

237 3148 303 3186 stus
313 3169 324 3185 ,
345 3143 476 3180 nonnifi
488 3142 626 3178 visibilis
636 3147 668 3179 ε(
678 3139 830 3188 corporei
843 3138 948 3173 Verbi
959 3138 1032 3174 fue-

238 3195 361 3232 rit.Sed
375 3190 754 3242 quibus‚0bsecro‚illam
764 3191 858 3223 Pater
869 3185 1034 3242 yisendam

241 3243 390 3282 exhibuit
399 3252 476 3280 ante
486 3240 651 3293 mundum
667 3235 941 3289 conditumtxmb
950 3248 1030 3284 qua-

633 118 1469 178 REFVTATIO‘ERRORVM

1082 200 1120 234 lis
1134 209 1211 233 tunc
1227 202 1340 246 potuit
1352 199 1412 235 effe
1433 201 1611 236 relucentia
1622 226 1631 239 ,
1652 202 1769 237 Verbo
1781 217 1870 240 non-

1083 249 1160 282 dum
1174 247 1335 283 fabricato
1347 272 1358 290 ‚
1369 251 1460 285 cuins
1482 252 1580 298 origo
1593 251 1631 285 ad
1653 254 1770 286 mundi
1780 266 1873 289 crea-

1083 298 1177 330 tione
1190 295 1207 330 ἒι
1219 300 1355 332 Serueto
1366 299 1587 346 restringitur?
1602 301 1692 334 Nam
1705 313 1870 349 pag.7o4.

1084 344 1286 381 existentiam
1294 347 1402 381 Verbi
1413 359 1449 381 ex
1461 360 1501 385 eo
1512 348 1648 384 deducit
1658 371 1668 388 ‚
1681 352 1775 396 quod
1787 352 1872 388 dixit

1081 395 1267 433 Deusffiiat
1277 395 1341 430 lux.
1357 395 1533 436 Deindetfi
1542 398 1615 444 quis
1626 401 1769 445 requirat
1781 411 1873 447 quo-

1082 443 1189 485 modo
1200 445 1358 484 extiterit,
1372 445 1411 478 ad
1425 443 1587 492 spectrum
1598 447 1678 482 illud
1691 461 1728 482 ex
1741 449 1873 485 increa-

1083 493 1124 526 tis
1135 493 1308 527 elementis
1319 493 1555 542 compolstum,
1568 497 1703 531 Serueto
1712 497 1873 538 ducem.-

1072 541 1155 578 ,nire
1164 550 1312 588 oportet.
1333 543 1424 577 Nam
1436 543 1470 578 id
1490 544 1640 578 continet
1652 544 1720 578 eius
1733 546 1873 594 respon-

1082 588 1142 632 fio,
1154 590 1248 637 quod
1259 591 1426 637 Sapientia
1435 591 1474 626 sit
1482 591 1619 639 persona
1631 592 1874 643 Christi‚quod

1083 639 1185 673 Filius
1213 651 1282 674 non
1302 639 1340 683 iit
1355 642 1501 675 Paternae
1520 640 1729 688 hypostaseos
1743 644 1874 693 imago,

1082 686 1143 722 nisi
1159 700 1319 736 quatenus
1327 688 1432 723 homo
1445 688 1502 724 est.
1526 691 1627 725 Paulo
1640 690 1715 738 post
1726 694 1806 728 vero
1817 705 1875 730 aut

1082 736 1260 785 versipellis
1273 738 1341 772 eius
1351 739 1486 783 malitia,
1497 751 1550 774 aut
1563 739 1753 786 phrenetica
1763 742 1874 779 illusio

1081 783 1113 819 se
1128 787 1253 833 prodit.
1265 788 1422 822 Dixeram
1436 787 1506 822 fieri
1515 801 1583 822 non
1595 788 1684 836 poffe
1695 791 1774 837 quin
1786 793 1875 828 Filisi

1081 845 1240 871 aeternum
1260 835 1435 886 agnoscant
1455 860 1466 877 ,
1484 837 1604 884 quibus
1622 840 1717 873 Deus
1735 850 1876 876 aeternus

1082 881 1229 919 censetur
1242 888 1353 920 Pater:
1376 884 1633 934 subscribitipse.
1658 888 1786 923 Verum
1799 889 1823 924 fi
1838 891 1876 925 id

1081 930 1160 967 facit
1171 945 1208 968 ex
1222 935 1333 968 animo
1345 957 1355 974 ,
1372 947 1426 969 cur
1435 936 1520 969 inter
1532 937 1668 970 vltimos
1677 935 1809 984 spiritus
1819 938 1876 974 ide

1081 979 1186 1016 facere
1198 981 1537 1030 abnuit?Qanquarn
1546 983 1632 1019 nihil
1643 998 1726 1033 opus
1736 987 1779 1022 est
1791 999 1879 1023 con-

1082 1030 1215 1065 iecturis
1227 1055 1238 1071 ‚
1251 1035 1321 1079 qufi
1335 1032 1396 1067 sibi
1405 1029 1604 1080 subterfugia
1613 1035 1726 1069 omnia
1736 1037 1878 1082 praeclu-

1082 1079 1169 1114 serit.
1191 1082 1280 1116 Nam
1295 1081 1444 1128 Epistola
1455 1083 1548 1117 tertia
1562 1105 1572 1120 ,
1585 1081 1778 1119 leuiffimam
1790 1084 1878 1122 hane

1082 1127 1143 1163 effe
1157 1131 1320 1165 rationem
1341 1131 1423 1165 dicit
1443 1130 1483 1165 ad
1501 1131 1563 1165 talc
1581 1132 1764 1168 monstrum
1775 1133 1879 1169 indu-

1065 1179 1236 1213 -cendum.
1248 1180 1349 1213 Paulo
1362 1178 1438 1227 post
1449 1179 1554 1214 securn
1566 1180 1632 1223 ipse
1645 1180 1798 1217 diffidens
1809 1183 1879 1218 duo

1081 1227 1246 1262 axiomata
1267 1226 1448 1277 subiungit.
1477 1229 1624 1263 Dicebat
1644 1231 1738 1265 Deus
1751 1232 1833 1267 olim
1845 1229 1879 1268 se

1081 1273 1154 1311 fore
1165 1279 1296 1312 Patrem
1306 1300 1315 1316 ,
1328 1282 1360 1313 &
1373 1290 1434 1312 nos
1447 1275 1519 1312 fore
1531 1278 1646 1319 Filios,
1661 1290 1738 1315 tunc
1751 1281 1785 1315 in
1798 1293 1878 1315 vm-

1082 1322 1243 1364 bra,nunc
1253 1326 1287 1360 in
1298 1321 1436 1361 verit'ate
1450 1339 1458 1361 ι
1474 1328 1569 1361 Deus
1580 1330 1674 1361 Pater
1685 1341 1750 1364 erat
1762 1328 1880 1376 perso-1

1080 1373 1294 1414 naliter‚licut
1306 1376 1339 1410 in
1354 1388 1394 1410 eo
1407 1374 1543 1423 persona
1555 1388 1620 1411 erat
1632 1377 1718 1421 Filij:
1730 1389 1797 1412 erat
1812 1381 1878 1413 Pa-

1083 1432 1132 1457 ter
1141 1424 1270 1458 realiter
1279 1425 1407 1469 ratione
1420 1423 1518 1471 ipfius
1529 1423 1678 1460 hominis
1699 1426 1820 1462 Christi
1832 1439 1880 1461 ae-

1084 1473 1252 1508 ternaliter
1263 1472 1305 1507 ab
1318 1486 1358 1508 eo
1370 1474 1485 1521 geniti,
1499 1473 1561 1508 acsi
1572 1484 1607 1509 tu
1623 1474 1664 1508 ab
1675 1486 1798 1511 aeterno
1808 1476 1879 1524 spi-

1083 1521 1161 1556 rasse
1169 1522 1208 1557 ad
1223 1523 1350 1569 prolem
1363 1524 1519 1570 aliquam,
1531 1527 1563 1559 &
1577 1524 1695 1558 mulier
1704 1537 1776 1560 eam
1786 1538 1878 1561 nunc

1084 1577 1221 1617 pareret.
1257 1572 1349 1607 Hinc
1375 1572 1497 1607 dicitur
1519 1572 1671 1607 Christus
1693 1574 1876 1611 secundum

1083 1617 1233 1667 spiritum
1245 1619 1306 1656 esse
1316 1621 1417 1656 Filius
1427 1622 1803 1670 Dei‚genitus.Fri1nixm
1815 1625 1879 1659 de-

1085 1668 1187 1704 trahit
1210 1670 1333 1717 impius
1346 1671 1479 1705 latrator
1492 1669 1607 1705 sanastis
1626 1671 1776 1707 Patribus
1787 1695 1802 1713 5
1817 1675 1879 1721 qui

1085 1715 1143 1752 sub
1154 1721 1244 1767 Lege
1256 1720 1420 1758 vixerunt,
1432 1719 1579 1754 filiorum
1591 1719 1878 1770 honoremzquurn

1085 1766 1212 1815 vbique
1232 1768 1266 1802 in
1281 1771 1446 1816 Scriptura
1467 1770 1579 1804 Deum
1593 1770 1743 1816 praesenti
1755 1770 1878 1806 fiducia

1085 1817 1215 1851 Patrem
1229 1819 1401 1852 inuoeent.
1411 1819 1501 1853 Nam
1514 1820 1600 1866 apud
1609 1813 1724 1853 Isaiam
1738 1830 1810 1859 non
1821 1820 1877 1853 di-

1086 1875 1166 1904 cunt
1179 1888 1188 1904 ,
1205 1862 1263 1900 Tu
1277 1868 1362 1900 olim
1372 1879 1464 1900 nouo
1475 1867 1602 1913 populo
1615 1867 1677 1900 eris
1695 1869 1809 1901 Pater:
1821 1867 1878 1903 sed

1086 1914 1152 1949 iam
1174 1923 1253 1948 tunc
1272 1913 1334 1948 fibi
1354 1912 1445 1948 fuifl‘e
1462 1917 1592 1948 Patrem
1609 1914 1804 1961 gloriantur.
1832 1916 1879 1951 Et

1085 1975 1190 2010 quum
1206 1963 1296 1997 Deus
1316 1961 1476 2009 Ephraim
1495 1963 1760 2010 primogenitum
1781 1961 1877 1998 suurn

1086 2013 1261 2050 nominat,
1273 2010 1420 2045 vmbram
1439 2012 1485 2046 rei
1505 2009 1618 2045 futurae
1630 2012 1740 2058 quoad
1761 2011 1878 2047 fideles

1085 2060 1186 2109 ipsos,
1199 2058 1338 2096 minime
1349 2059 1518 2099 obtendit,
1528 2059 1580 2093 sed
1593 2058 1782 2106 praesentem
1793 2061 1880 2095 ado-

1086 2114 1240 2157 ptionem
1252 2109 1488 2147 commendat.>
1506 2111 1544 2142 ln
1563 2107 1707 2142 secundo
1721 2108 1879 2144 membro

1086 2158 1206 2196 fatetur
1219 2161 1332 2195 Deum
1353 2159 1470 2193 realem
1490 2159 1554 2191 iam
1565 2167 1645 2192 tunc
1663 2155 1756 2199 fuiffe
1765 2161 1876 2199 Patre,

1085 2209 1234 2243 hominis
1245 2207 1370 2243 Christi
1382 2208 1518 2241 intuitu.
1538 2206 1729 2254 Qmodo
1738 2206 1805 2243 haec
1815 2209 1880 2244 c6.-.

1087 2260 1236 2296 uenient,
1247 2259 1360 2292 Deum
1375 2254 1432 2289 sub
1446 2258 1534 2302 Lege
1545 2279 1554 2295 ,
1567 2268 1635 2290 non
1647 2257 1784 2291 veritate
1799 2280 1809 2296 ‚
1821 2256 1878 2292 sed

1087 2308 1122 2341 in
1142 2306 1257 2340 vmbra
1281 2306 1437 2340 duntaxat
1459 2305 1645 2351 pollicitum
1668 2303 1759 2341 fuiss‘e
1782 2305 1878 2353 quod

1086 2355 1214 2391 futurus
1231 2349 1307 2389 esset
1322 2358 1434 2389 Pater:
1452 2358 1485 2389 &
1502 2364 1610 2388 tamen
1627 2355 1690 2388 iam
1703 2364 1782 2388 tunc
1803 2367 1878 2389 rea-

1086 2406 1152 2440 lem
1162 2401 1252 2438 fuisse
1261 2406 1370 2438 Patre?
1382 2402 1481 2437 Nihil
1493 2403 1527 2437 in
1542 2402 1667 2438 Seructi
1677 2402 1786 2437 verbis
1798 2415 1878 2439 rnu-

1085 2466 1135 2489 to.
1150 2455 1262 2500 Qare
1270 2451 1471 2500 perspiciunt
1480 2452 1675 2491 lectoresffin
1686 2451 1734 2485 illi
1743 2450 1808 2486 sani
1818 2474 1830 2492 ,
1842 2456 1877 2489 δε

1087 2502 1186 2547 sobrij
1209 2500 1340 2548 spiritus
1353 2509 1445 2549 gutta
1457 2498 1566 2536 fuerit.
1595 2503 1645 2537 Vt
1658 2509 1765 2535 tamen
1777 2502 1876 2537 venia

1085 2552 1255 2598 antilogiae
1267 2550 1362 2585 detur
1371 2573 1381 2589 ,
1405 2549 1556 2584 nondum
1567 2548 1689 2597 elapsus
1698 2548 1743 2583 est
1756 2551 1878 2585 Serue„

1086 2610 1150 2635 tus.
1173 2601 1265 2635 Nam
1278 2599 1300 2633 si
1313 2609 1392 2634 tunc
1410 2598 1501 2632 realis
1513 2608 1581 2633 erat
1600 2599 1703 2633 totius
1721 2597 1880 2641 Ecclefiae,

1086 2649 1224 2688 filiatio,
1239 2648 1359 2682 realem
1376 2659 1512 2695 quoque
1531 2646 1696 2694 vnigeniti
1706 2648 1880 2688 Sermonis

1086 2696 1178 2737 fuisse
1188 2707 1324 2743 oportet
1333 2719 1343 2733 ‚
1365 2696 1398 2730 in
1410 2709 1478 2743 quo
1489 2697 1580 2743 prior
1589 2696 1643 2730 illa
1651 2693 1785 2730 fundata
1796 2708 1879 2733 erat-

1086 2746 1266 2782 Exhibitus
1283 2745 1435 2779 nondum
1457 2755 1524 2780 erat
1544 2745 1579 2779 in
1599 2756 1694 2779 carne
1709 2743 1878 2786 Christus,

1080 2791 1211 2831 fateor:
1225 2793 1276 2829 sed
1298 2805 1416 2828 aeterna
1437 2793 1544 2830 Verbi
1558 2793 1729 2841 generatio
1747 2792 1765 2827 ὲ
1780 2803 1878 2829 carne

1086 2857 1155 2880 non
1168 2842 1352 2891 pendebat:
1368 2842 1652 2890 quemadmodum
1675 2840 1788 2877 del-irat
1799 2844 1878 2877 Ser-

1087 2904 1192 2933 uetuS,
1204 2893 1368 2940 pruritum
1378 2890 1488 2926 nescio
1498 2903 1598 2937 quem
1613 2892 1692 2926 Deo
1700 2887 1877 2938 affingens,

1084 2943 1194 2982 donec
1209 2941 1388 2988 Virginem
1400 2941 1515 2975 naetus
1523 2941 1567 2974 est
1577 2952 1640 2986 qua
1655 2937 1772 2974 foetum
1784 2951 1822 2974 ex
1831 2953 1876 2975 eo

1084 2989 1574 3037 conciperetzquernadmodum
1586 2988 1684 3036 fiquis
1693 2986 1880 3030 hominum(

1083 3040 1220 3075 muliere
1230 3039 1375 3086 priuatus
1386 3038 1426 3072 ad
1444 3039 1693 3086 generationem
1712 3035 1878 3083 adspiret„

1084 3090 1173 3135 Qa
1184 3088 1315 3136 praecise
1337 3098 1512 3134 negauerat
1522 3109 1533 3124 ‚
1549 3085 1607 3134 ‘vel
1624 3085 1766 3119 vnumin
1780 3087 1873 3123 Scri-·

1082 3149 1176 3186 paura
1187 3137 1248 3172 effe
1265 3137 1377 3170 locum
1389 3134 1446 3169 vbi
1465 3135 1539 3178 Filij
1551 3135 1617 3179 Dei
1628 3145 1749 3167 nomen
1760 3146 1874 3181 pona--v

1082 3185 1211 3226 tur,nifi
1226 3185 1266 3221 de
1278 3185 1414 3220 Christo
1427 3183 1586 3218 homine:
1601 3194 1641 3216 ne
1654 3181 1712 3216 fibi
1725 3183 1871 3222 nimium

1081 3235 1244 3283 placeret,
1267 3234 1381 3274 locum
1397 3232 1518 3271 adduxi
1527 3243 1566 3268 ex
1575 3230 1764 3316 Prouerhiils
1778 3255 1789 3272 ‚
1810 3232 1872 3273 vbi

1284 3298 1287 3308 ·
1703 3282 1747 3315 So
1763 3293 1868 3317 omon
