2113 3674
303 196 370 229 626

298 253 441 301 pieta-tis
453 251 500 286 ita
510 246 654 285 versatos
665 258 702 284 vt
712 258 748 282 ea
757 245 848 295 quasi
861 247 970 287 tinffl,
983 259 1018 282 ac
1032 247 1102 295 pla-

307 303 352 338 ne
363 302 485 338 imbuti
497 298 557 334 esse
567 298 742 335 videantur
758 320 770 337 ,
794 296 829 332 in
848 296 971 345 quibus
990 308 1104 332 tamen

310 354 420 387 nullus
433 351 502 386 Dei
520 359 616 384 arnor
630 345 848 394 studiumque
858 345 904 381 est
915 359 1002 381 :non
1015 344 1109 380 secus·

309 413 347 435 ac
372 400 393 436 fi
412 398 496 434 nihil
511 396 830 445 vnquam'dodxinae
841 395 961 431 diuiuae
974 393 1032 429 nisi
1043 395 1101 428 ali-

308 461 374 496 qua
383 450 520 488 incerta,
533 447 650 486 leui,ac
662 457 743 494 vaga
750 445 916 492 opinione
926 441 1104 492 cognouis-

307 499 392 535 seiit.
407 498 445 533 ld
458 495 700 544 quamobrem?
716 493 775 529 nisi
794 493 889 541 quod
910 494 1108 528 maiestatem

312 549 488 594 Scriptura:
507 543 621 580 sanetae
631 545 746 579 animo
767 555 938 590 nunquam
951 553 1107 588 compre-

309 596 500 631 henderunt
516 595 585 630 ?Et
594 593 681 629 certe
698 592 721 628 si
735 605 852 627 omnes
865 591 952 626 reEte
964 602 1106 638 perpen-

313 647 465 681 deremus
478 646 591 679 Deum
602 641 739 690 esse‚qui
751 654 813 676 nos
827 641 1017 688 alloquitur,
1030 651 1106 674 eum

309 694 439 730 maiore
451 691 880 742 diligentia,attentione,ac
889 690 1036 725 reuentia
1047 701 1106 722 au-

309 743 470 779 diremus.
491 745 524 778 Si
537 743 757 790 cogitaremus
768 753 830 774 nos
841 752 942 787 quum
956 738 1107 785 Scriptu-

309 805 377 828 ram
389 793 530 841 legimus
541 815 552 832 ‚
568 794 602 827 in
615 790 724 826 schola
737 790 945 836 Angelorum
958 787 1107 834 discipli—

310 840 425 890 nique
442 839 559 876 versari
575 864 585 879 ‚
596 839 686 875 aliud
696 851 759 874 nos
773 837 988 874 exercendi&
999 836 1107 871 studii‘i

310 890 553 928 &desiderium
571 890 606 924 in
618 901 656 922 ea
667 888 818 923 doetrina
829 885 1044 934 percipienda
1052 897 1108 920 ca-

310 951 405 989 peret
415 964 425 980 ,
451 951 522 988 quat
532 939 572 973 ad
582 939 711 973 animos
723 938 853 972 nostros
874 934 1107 974 consolandos,

311 989 561 1026 confirmandos
571 1011 582 1027 ‚
602 984 887 1033 instituenddsque
907 984 1006 1019 nobis
1027 996 1107 1031 pro-

309 1038 417 1087 posita
433 1037 489 1073 est.
499 1039 603 1073 Nunc
614 1035 750 1084 quidem
761 1036 1000 1082 videmus‚quae
1009 1033 1048 1068 sit
1056 1045 1110 1067 ra-

311 1090 362 1122 tio
375 1085 578 1136 praeparandi
603 1085 722 1120 nos-ad*
748 1083 956 1120 tolerandum
976 1084 1107 1130 patien-

310 1136 458 1184 dumque
471 1149 532 1184 pro
542 1134 730 1183 Euangelio
744 1158 755 1175 ‚
777 1134 935 1168 nimirum
948 1133 1026 1166 vtin
1039 1132 1109 1167 eius

310 1186 467 1221 doctrina
490 1197 549 1219 eos
568 1185 633 1220 iam
649 1181 830 1232 progressus
848 1181 1049 1221 habeamus.
1072 1191 1109 1216 vt

310 1232 450 1283 persuasi
464 1233 561 1282 plane
573 1233 614 1268 de
625 1244 700 1268 vera
712 1233 876 1280 religione
887 1242 985 1278 atque
996 1232 1033 1265 ea
1043 1230 1109 1265 do-

312 1286 417 1320 ctrina
432 1307 442 1323 ‚
454 1296 555 1332 quam
565 1293 679 1318 tenere
697 1281 847 1329 tuerique
858 1280 1020 1315 debemus
1034 1303 1045 1319 ,
1067 1278 1122 1313 0-'

311 1345 406 1369 mnes
416 1331 544 1369 fraudes
554 1344 590 1368 ac
601 1331 768 1367 illusiones
779 1333 913 1366 Satanae.
924 1327 1109 1376 omnia‘que

310 1383 491 1418 homiuum
505 1383 640 1417 inuenta
659 1379 824 1427 despicere
845 1401 854 1416 ²
876 1378 911 1414 ac
925 1391 986 1426 pro
998 1377 1108 1413 nihilo

311 1433 432 1468 ducere
443 1429 604 1480 possimus
615 1453 627 1472 ,
648 1429 737 1477 quasi
748 1441 796 1463 res
807 1440 877 1463 uon
887 1425 995 1472 solum
1006 1429 1107 1468 leues,
1116 1436 1123 1443 ’

311 1492 531 1517 verumetiam
541 1479 750 1519 execrabiles,
766 1491 808 1512 eo
821 1477 914 1525 quod
927 1477 1108 1526 puritatem

312 1529 536 1567 Christianam
558 1529 654 1577 plane
675 1537 905 1575 corrumpunt.
937 1529 1051 1574 Atque
1072 1538 1109 1561 ea

311 1580 452 1627 quidem
466 1581 501 1614 in
521 1591 554 1613 re
571 1589 634 1612 nos
649 1575 832 1612 differimus
844 1574 933 1624 quasi
957 1576 1026 1611 veri
1036 1574 1110 1610 Iesu

312 1628 441 1666 Christi
453 1639 627 1675 martyres,
641 1627 660 1662 a
678 1625 805 1661 furiosis
823 1638 861 1660 ac
885 1625 1110 1674 pertinacibus

311 1677 511 1714 hominibus
523 1700 532 1716 ,
548 1680 607 1726 qui
620 1688 681 1723 pro
693 1675 796 1711 stultis
808 1672 1032 1723 opinionibus
1047 1674 1110 1711 suis

311 1726 653 1776 patiuntur.Secundo
665 1737 774 1760 autern
786 1726 864 1760 loco
879 1726 924 1759 ita
935 1721 1045 1759 affeffi
1059 1722 1110 1758 es-

311 1777 344 1813 se
355 1777 529 1816 debemus,
541 1785 577 1809 vt
589 1775 718 1810 certide
728 1774 879 1809 bonitate
891 1785 992 1820 atque
1004 1774 1111 1821 aequi-

313 1837 380 1862 tate
391 1824 508 1866 causat,
527 1837 567 1859 eo
579 1836 647 1872 quo
664 1835 800 1872 oportet
822 1823 937 1859 studio
951 1821 1111 1870 sequendi

309 1876 427 1912 Deum
436 1874 664 1914 accendamur,
678 1884 882 1921 quocunque
894 1885 956 1907 nos
969 1873 996 1907 is
1009 1884 1110 1908 voca·

312 1922 571 1970 uerit,re'it'1sque
591 1922 730 1957 verbum
743 1934 779 1957 ea
799 1922 1036 1969 ampleRamur
1056 1934 1112 1956 re·-

277 1983 282 1988 '
311 1973 461 2010 uerentia
471 1996 481 2012 ,
496 1983 593 2019 quam
606 1982 752 2007 meretur
763 1994 774 2011 ‚
786 1980 886 2018 atque
897 1970 916 2005 ὲ
931 1970 1036 2018 figura
1049 1969 1112 2005 fal-

313 2024 377 2060 laci
388 2022 484 2057 huius
495 2020 748 2056 inundiauocati
757 2043 768 2060 ‚
783 2030 859 2055 toto
869 2020 984 2054 animo
995 2024 1028 2056 &
1040 2019 1112 2055 stu-

317 2073 377 2108 dio
387 2069 476 2120 quasi
490 2070 573 2118 rapti
584 2070 623 2104 ad
639 2068 805 2105 coelestem
818 2070 920 2104 vitam
935 2067 1109 2104 transfera-

312 2120 466 2159 munSed
477 2117 498 2153 ὂ
511 2131 580 2153 rem
592 2117 738 2153 miseram
751 2117 914 2165 planeque
926 2118 1110 2166 indignam,

312 2170 408 2221 quod
420 2181 522 2217 quum
536 2168 590 2202 lux
601 2168 669 2202 Dei
680 2168 791 2208 nobis,
807 2178 844 2202 vt
857 2167 878 2202 si
889 2166 981 2206 alias,
995 2166 1046 2201 his
1058 2169 1112 2201 te-

312 2218 453 2269 poribus
473 2216 593 2252 oborta
612 2227 701 2251 tanta
723 2218 870 2252 claritate
894 2217 1018 2255 luceat,
1043 2226 1111 2250 tam

313 2277 552 2319 ptumtamen
562 2266 644 2306 zeli,
654 2264 958 2314 studij,arriorisque
967 2265 1112 2312 reperia-

315 2329 382 2355 tuv.
401 2319 478 2363 Qa
488 2315 625 2364 quidem
639 2317 674 2350 in
685 2328 719 2350 re
730 2327 772 2350 eo
791 2315 897 2350 maior
920 2313 967 2348 est
984 2312 1113 2349 miseria

315 2367 450 2405 nostra,
469 2364 565 2414 quod
584 2365 617 2398 in
629 2374 718 2399 tanta
728 2364 938 2411 turpitudine
949 2375 985 2397 ae
998 2364 1112 2411 ingra-

317 2416 465 2453 titudine
476 2438 486 2455 ‚
502 2413 628 2462 pudore
640 2418 671 2449 δε
689 2414 887 2448 verecundia
909 2424 978 2446 non
994 2411 1113 2447 obrui-

317 2478 404 2502 mur.
435 2464 526 2500 Nam
536 2461 630 2497 breui
642 2462 681 2496 ad
701 2463 845 2498 iudicem
860 2461 1065 2496 veniendum
1077 2474 1114 2496 e-

316 2516 384 2555 rit,
404 2512 491 2561 apud
502 2524 602 2560 quern
612 2511 730 2546 vitium
751 2524 786 2546 ac
800 2512 923 2547 malum
948 2509 1111 2550 nostrum,

317 2563 422 2612 quod·
433 2561 530 2597 omni
549 2560 677 2595 ratione
692 2572 857 2596 conamur*
868 2561 1034 2595 occultare
1046 2583 1058 2600 ,
1079 2561 1114 2594 in

317 2612 467 2649 medium
481 2607 664 2658 proferetur
676 2623 750 2644 cum
761 2623 796 2644 ea
807 2609 1067 2656 exprobratione
1078 2621 1115 2644 ac

319 2659 575 2708 reprehensione
586 2682 598 2699 ‚
616 2659 649 2692 in
666 2671 730 2706 qua
745 2657 913 2694 iustissima
926 2657 1030 2693 nostri
1043 2660 1114 2693 exi-

321 2711 358 2755 tij
373 2706 461 2745 causi
471 2707 692 2756 perspicietur.
729 2707 863 2743 Etenim
879 2707 902 2742 si
915 2710 994 2743 Deo
1007 2708 1051 2742 ita
1061 2705 1114 2742 su-

321 2771 394 2795 mus
405 2758 549 2806 obligati
569 2768 667 2804 atque
678 2755 847 2796 obstriffl,
874 2768 911 2791 vt
922 2770 983 2804 pro
1009 2756 1113 2791 modo

321 2808 532 2855 cognitionis
544 2830 554 2846 ,
576 2818 675 2854 quam
685 2805 785 2840 nobis
802 2805 920 2841 tribuit
936 2830 946 2846 ,
969 2805 1114 2840 honori-

322 2856 423 2892 ficum
443 2860 476 2892 &
499 2866 629 2904 gratum
646 2854 676 2889 ei
691 2853 919 2890 testimonium
943 2855 1020 2890 dare
1036 2854 1114 2889 red-

322 2905 469 2952 dereque
491 2904 670 2940 debeamus
690 2927 702 2944 ‚
718 2903 799 2952 quid
819 2904 908 2938 causa
931 2903 977 2939 est
997 2915 1053 2939 cur
1073 2903 1114 2938 ad

323 2965 491 2990 certamen
510 2953 715 2988 subeundum
738 2963 832 2987 tanto
859 2953 960 2987 animi
976 2953 1115 3001 langore

322 3016 360 3038 ac
373 3004 496 3038 timore
507 3000 891 3049 torpeamus?praesertim
905 3014 1008 3049 quum
1019 3003 1115 3037 Deus

323 3052 386 3087 hac
408 3062 502 3085 aetate
519 3050 628 3086 nosti-a
639 3050 669 3086 se
687 3053 731 3086 ita
755 3048 967 3099 patefecerit,
981 3060 1016 3085 vt
1026 3049 1118 3086 recte·

323 3114 359 3137 ac
371 3099 448 3135 vere
460 3100 526 3134 dici
536 3099 634 3147 poffit
644 3125 653 3142 ‚
680 3113 756 3135 eum
772 3100 932 3135 maximos
947 3098 1114 3135 thesauros

325 3150 528 3187 secretorum
541 3149 672 3184 suorum
690 3147 844 3197 aperuisse
865 3150 1115 3195 atqueomnino

323 3196 504 3247 explicasse.
537 3201 672 3232 Annon
689 3198 770 3234 illud
781 3197 960 3233 dicendum
973 3197 1019 3233 est
1029 3223 1039 3237 ‚
1053 3210 1116 3233 nos

324 3249 367 3285 de
376 3249 455 3285 Deo
467 3249 511 3282 ita
523 3245 725 3288 existimare,
746 3246 834 3296 quasi
855 3245 940 3281 nihil
962 3258 1004 3280 eo
1021 3247 1118 3293 plane

325 3298 478 3346 indigere
495 3296 692 3334 videamur?
710 3297 803 3334 Nam
824 3294 1118 3344 fialiquamratio3

855 183 1240 222 HOMILIA

1313 187 1387 220 11.

1152 258 1227 281 nem
1240 244 1416 280 maiestatis
1427 245 1494 279 eius
1506 242 1716 285 haberemus,
1730 248 1866 294 nunqua
1877 259 1949 283 cet—

1153 295 1187 330 te
1208 295 1402 329 auderemus
1414 295 1604 329 doetrinam
1615 317 1626 334 ‚
1645 307 1716 343 quae
1728 296 1875 344 exipsius
1891 309 1951 332 ore

1155 343 1395 391 proficiscitur,
1422 344 1456 378 in
1471 341 1717 390 philosophiam
1734 356 1790 379 aut
1807 345 1951 382 otiosam

1154 391 1265 428 nescio
1279 405 1377 440 quam
1390 390 1616 439 speculatione
1626 405 1832 429 conuertere.
1849 396 1952 431 Nulla

1156 443 1302 490 denique
1324 440 1489 477 excusatio
1502 440 1602 475 nobis
1617 438 1678 478 effe
1699 435 1824 491 poterit
1836 467 1846 483 ‚
1867 446 1952 492 quin

1155 493 1297 526 maxima
1319 490 1418 525 nobis
1436 502 1496 525 nec
1521 490 1656 526 honesta
1684 493 1882 528 verecundia
1900 492 1952 532 sit,

1156 540 1227 575 imo
1255 540 1337 575 vero
1359 539 1524 574 horrenda
1550 540 1790 576 condemnatio
1806 541 1899 590 quod
1917 542 1953 577 in

1156 601 1247 624 tanta
1257 590 1457 637 cognitione
1467 611 1477 628 ‚
1488 601 1587 636 quam
1606 589 1760 638 singulari
1773 592 1841 627 Dei
1852 590 1953 625 beni-

1155 639 1283 688 gnitate
1294 636 1462 673 consecuti
1473 636 1596 672 fuimus
1607 661 1618 678 ,
1634 641 1674 673 ad
1687 652 1756 674 eam
1767 638 1954 675 defenden—

1156 690 1231 722 dam
1245 693 1277 723 &
1296 689 1451 723 tuendam
1463 698 1530 722 tam
1545 699 1659 735 parurn
1669 689 1775 724 animi
1786 689 1954 736 studiique

1155 735 1346 773 afferamus.
1377 737 1546 784 Imprimis
1561 748 1673 772 autem
1695 737 1717 773 si
1741 738 1952 787 cogitatione

1155 794 1342 833 repetamus
1363 787 1559 820 memoriam
1577 797 1727 822 veretum
1743 789 1944 835 Martyrum,

1156 834 1343 883 eorumque
1370 834 1603 869 admirabilem
1625 835 1843 872 constantiam
1876 849 1955 872 cum

1156 883 1216 920 hac
1229 885 1337 920 nostra
1351 884 1494 918 mollitie
1514 896 1551 919 ac
1574 882 1712 933 segnitie
1727 885 1954 926 conferamus,

1157 932 1379 983 grauissimam
1402 933 1619 980 turpitudinis
1645 936 1761 969 nostrae
1785 935 1958 970 detestan-

1157 986 1206 1018 da:
1218 982 1342 1018 causam
1364 983 1587 1023 inueniemus.
1620 984 1669 1018 Hi
1679 984 1772 1019 enim
1787 994 1907 1034 magna
1917 996 1958 1020 eit

1157 1043 1249 1081 parte
1264 1045 1334 1066 non
1354 1032 1400 1066 ita
1419 1041 1519 1066 erant·
1533 1030 1647 1066 versati
1665 1032 1901 1081 exercitatique
1921 1034 1958 1068 in

1158 1083 1280 1117 diuinis
1304 1082 1405 1117 literis
1417 1103 1428 1121 ,
1444 1092 1481 1115 Vt
1498 1078 1628 1128 possent
1648 1081 1778 1116 erudite
1797 1081 1959 1117 omnibus

1158 1131 1199 1167 de
1220 1131 1319 1165 rebus
1340 1128 1528 1177 disputare?
1549 1129 1718 1165 -Primum
1736 1141 1847 1166 autem
1873 1130 1959 1166 illud

1157 1181 1294 1228 quidem
1313 1176 1563 1228 cognoscebant
1582 1202 1593 1219 ‚
1616 1183 1649 1215 δε
1672 1179 1832 1215 tenebant
1853 1191 1959 1216 vnum

1158 1228 1219 1265 esse
1242 1231 1381 1269 Deum,
1398 1229 1456 1276 qui
1477 1227 1553 1276 ipsis
1574 1229 1737 1264 colendus
1755 1241 1854 1277 atque
1874 1229 1961 1265 ado—

1158 1279 1277 1314 randus
1288 1288 1367 1313 erat:
1381 1278 1503 1313 deinde
1515 1276 1671 1325 sanguine
1682 1277 1754 1313 Iesu
1768 1278 1894 1314 Christi
1904 1291 1960 1313 re-

1158 1329 1314 1376 demptos
1327 1326 1358 1362 se
1370 1325 1483 1367 fuisse,
1506 1337 1542 1362 vt
1561 1329 1596 1361 in
1619 1339 1660 1361 eo
1677 1326 1748 1362 solo
1770 1339 1872 1376 atque
1889 1328 1960 1363 eius

1158 1379 1261 1427 gratia
1272 1389 1410 1412 omnem
1430 1375 1517 1411 suam
1532 1375 1689 1411 fiduciam
1710 1389 1746 1411 ac
1767 1375 1857 1424 spem
1873 1372 1961 1411 salu-

1159 1429 1200 1462 tis
1223 1428 1446 1462 collocarent.
1486 1426 1580 1460 Tum
1600 1425 1682 1460 vero
1710 1436 1825 1460 caetera
1841 1426 1961 1461 omnia

1158 1487 1232 1524 quat
1251 1475 1310 1524 ipsi
1322 1476 1477 1510 homines
1498 1474 1539 1509 ad
1557 1475 1738 1510 colendum
1764 1476 1880 1510 Deum
1901 1487 1962 1510 ex-

1159 1524 1355 1575 cogitassent
1366 1535 1465 1571 atque
1477 1522 1690 1560 instituissent
1699 1547 1710 1564 ‚
1727 1537 1828 1574 nugas
1841 1529 1874 1561 &
1889 1522 1962 1559 sor-

1159 1575 1216 1611 des
1228 1573 1289 1610 effe
1301 1573 1493 1609 iudicabant
1504 1596 1515 1613 ,
1528 1584 1564 1609 vt
1578 1584 1695 1608 omnes
1708 1573 1914 1609 idololatrias
1923 1586 1961 1609 ae

1159 1624 1408 1673 superstitiones
1428 1620 1524 1657 facile
1545 1622 1701 1657 damnare
1723 1621 1867 1670 possent.
1909 1624 1962 1658 Vt

1160 1675 1272 1722 paucis
1284 1672 1471 1712 absoluam‚
1493 1670 1564 1707 haec
1574 1682 1642 1706 erat
1662 1670 1809 1720 ipsorum
1819 1671 1962 1708 theolo-

1161 1724 1214 1773 gia
1225 1747 1236 1764 ,
1257 1725 1353 1759 Vnus
1366 1722 1412 1758 est
1424 1719 1575 1768 sol-{isque
1595 1722 1690 1756 Deus
1708 1722 1811 1758 totius
1823 1721 1963 1757 effeCim·

1160 1772 1279 1808 mundi
1291 1796 1301 1812 ,
1327 1772 1383 1820 qui
1399 1783 1457 1820 per
1475 1769 1616 1818 Moysen
1633 1775 1668 1807 δι
1689 1783 1747 1819 per
1763 1770 1962 1819 Prophetas,

1160 1821 1333 1871 postremo
1353 1833 1410 1869 per
1425 1819 1726 1856 lesumChristum
1753 1819 1893 1868 eiusque
1910 1823 1963 1856 A-

1160 1871 1311 1919 postolos
1329 1869 1430 1905 nobis
1442 1868 1529 1903 suam
1541 1870 1750 1904 voluntatem
1769 1869 1959 1904 declarauit.

1159 1921 1238 1956 Nos
1259 1932 1363 1954 vuum
1379 1916 1540 1953 habemus
1556 1918 1824 1965 Redemptorem
1840 1941 1851 1958 ‚
1863 1917 1964 1952 'cuius

1160 1968 1298 2018 quidem
1311 1967 1468 2016 sanguine
1478 1965 1629 2050 aeguisiti
1648 1964 1772 2001 fuimus
1782 1989 1794 2007 ,
1805 1964 1965 2014 cuii‘isqiie

1161 2019 1266 2068 gratia
1293 2030 1355 2052 nos
1386 2015 1490 2050 saluos
1530 2027 1588 2049 ore
1616 2013 1793 2062 speramus.
1828 2015 1962 2050 Omnia

1162 2067 1280 2104 mundi
1300 2066 1391 2102 idola
1413 2063 1604 2099 detestanda
1623 2064 1697 2098 sunt
1716 2068 1749 2099 &
1765 2063 1961 2099 execranda.

1160 2117 1265 2153 Nulla
1288 2116 1350 2151 alia
1368 2114 1521 2149 doftrina
1549 2110 1752 2159 scientiaque
1773 2113 1964 2148 occultiore

1162 2165 1292 2214 praediti
1311 2189 1320 2203 ‚
1343 2164 1382 2198 ad
1400 2160 1515 2211 ignem
1542 2172 1598 2196 aut
1617 2161 1657 2196 ad
1675 2161 1765 2197 aliud
1783 2163 1905 2197 mortis
1926 2173 1964 2197 ae

1161 2214 1316 2263 supplicij
1336 2225 1439 2260 genus
1457 2235 1468 2250 ‚
1490 2211 1607 2245 animo
1625 2222 1769 2258 magno,
1784 2210 1964 2258 liberoque

1161 2262 1378 2300 accedebant.
1400 2262 1524 2308 Neque
1534 2259 1616 2294 vero
1629 2272 1788 2295 numerus
1799 2271 1867 2296 erat
1875 2261 1966 2295 duo-

1162 2326 1235 2348 rum
1249 2323 1304 2347 aut
1316 2311 1416 2345 trium
1428 2333 1438 2350 ‚
1452 2308 1506 2344 scd
1516 2320 1608 2345 tanta
1618 2309 1859 2350 multitudo‚vt
1870 2309 1893 2354 ij
1904 2309 1965 2358 qui

1164 2362 1336 2409 {ityrannis
1356 2360 1531 2394 crudeliter
1542 2358 1652 2393 vexati
1669 2370 1706 2393 ac
1725 2359 1864 2394 cruciati
1874 2357 1964 2398 sunt,

1163 2409 1423 2446 innumerabiles
1436 2418 1535 2456 atque
1552 2405 1680 2442 infiniti
1690 2404 1752 2441 effe
1771 2408 1963 2442 videantur.

1163 2461 1240 2496 Nos
1263 2470 1374 2494 autem
1392 2459 1436 2493 ita
1460 2456 1554 2492 doc'ti
1573 2465 1672 2504 atque
1688 2455 1812 2491 eruditi
1838 2454 1962 2496 sumus,

1163 2521 1200 2545 vt
1210 2507 1295 2544 nihil
1310 2506 1422 2556 supra:
1444 2505 1544 2541 nobis
1554 2506 1694 2553 quidem
1706 2504 1794 2540 certe
1806 2505 1967 2540 videmur

1165 2559 1237 2594 esse.
1255 2560 1306 2594 Ac
1316 2569 1350 2591 re
1361 2569 1437 2591 vera
1446 2555 1541 2603 quod
1550 2554 1591 2590 ad
1605 2553 1862 2600 intelligentiam
1874 2554 1967 2589 Scri-

1164 2618 1267 2653 pturae
1279 2606 1397 2641 attinet
1408 2629 1419 2645 ,
1429 2607 1522 2641 Deus
1530 2614 1658 2639 tantam
1677 2603 1776 2638 nobis
1785 2603 1967 2652 cognitio-

1164 2669 1242 2692 nem
1254 2680 1264 2697 ,
1279 2666 1437 2703 quantam
1449 2654 1506 2690 vlli
1519 2663 1666 2700 vnquam
1678 2652 1764 2687 aetati
1784 2653 1904 2687 tribuit
1913 2662 1969 2688 at-

1164 2718 1230 2754 que
1252 2703 1422 2741 conceffit.
1447 2704 1492 2738 Et
1516 2713 1628 2737 tamen
1641 2700 1765 2736 interea
1774 2701 1829 2736 vix
1843 2724 1854 2741 ‚
1874 2713 1912 2736 ac
1923 2713 1967 2736 ne

1164 2756 1220 2790 vix
1235 2754 1373 2801 quidem
1391 2776 1400 2793 ‚
1423 2750 1611 2787 tenuiffima
1633 2750 1755 2785 amoris
1767 2772 1779 2790 ,
1796 2749 1968 2797 studiique

1165 2816 1242 2852 erga
1254 2805 1367 2838 Deum
1382 2811 1477 2851 gutta
1497 2801 1532 2835 in
1544 2799 1644 2835 nobis
1656 2797 1750 2834 inest.
1779 2801 1829 2835 Vt
1847 2809 1967 2834 autem

1166 2852 1252 2887 hanc
1275 2852 1453 2886 mollitiem
1465 2850 1568 2885 animi
1578 2848 1815 2897 ignauiiimque
1825 2848 1963 2888 alamus.

1164 2902 1254 2936 nulla
1276 2901 1413 2949 quidem
1434 2901 1519 2934 ratio
1533 2897 1580 2934 est
1601 2921 1612 2937 ,
1636 2895 1696 2932 nisi
1718 2894 1806 2932 forte
1824 2897 1970 2932 velimus

1164 2949 1304 2986 scientes
1324 2947 1568 2997 prudentesque
1601 2947 1683 2982 iram
1703 2946 1772 2981 Dei
1789 2950 1824 2982 &
1847 2946 1966 2980 vindi-

1165 2999 1252 3034 &am
1263 3000 1297 3034 in
1308 2996 1469 3046 nosipsos
1489 3006 1683 3046 prouocare.
1716 2995 1810 3042 Qd
1819 3005 1900 3043 ergo
1914 2992 1967 3030 fa-

1165 3048 1323 3084 ciendum
1337 3047 1403 3088 est,
1423 3058 1459 3082 vt
1469 3046 1619 3081 animum
1631 3055 1788 3092 magnum
1799 3067 1810 3084 ‚
1825 3039 1967 3084 fortem,

1165 3095 1444 3145 constantemque
1453 3093 1680 3141 suscipiamus?
1689 3093 1861 3140 Imprimis
1872 3104 1963 3127 con-

1165 3146 1376 3185 fidei-andum
1399 3144 1500 3180 nobis
1518 3142 1565 3179 est
1585 3166 1596 3183 ‚
1613 3140 1714 3188 quam
1735 3140 1876 3189 pretiosa
1894 3140 1963 3175 ho-

1166 3193 1351 3242 noratfique
1373 3206 1422 3230 res
1442 3194 1481 3229 sit
1499 3191 1584 3241 apud
1603 3192 1717 3227 Deum
1745 3189 1863 3226 nostrae
1881 3188 1962 3225 fidei

1167 3241 1330 3280 confeffio
1348 3267 1360 3283 ‚
1380 3240 1618 3292 religionisque
1632 3238 1837 3275 testificatio.
1869 3239 1965 3274 Nam

1165 3305 1239 3343 tum
1247 3293 1386 3342 quidem
1397 3290 1483 3329 male
1491 3286 1857 3339 cognoscimus,quanti
1866 3288 1971 3325 Deuc-

1890 3346 1962 3371 eam
