2113 3674
783 157 1216 197 EPISTOLA.

181 233 218 258 vt
228 234 326 271 quam
352 218 489 256 antehac
506 218 692 255 doctrinam
705 217 875 266 placidein
888 216 967 252 scri·

179 274 246 322 ptis
260 273 340 306 meis
352 269 492 317 legebat,
504 281 592 303 nunc
606 267 662 302 vbi
672 269 689 302 a
700 269 875 315 Tigurinis
887 279 967 315 pro-

179 319 264 356 fec-ta
276 319 336 360 est,
352 319 475 354 duriter
487 316 646 352 auersetur
657 321 672 349 ?
690 317 790 351 Certe
802 327 968 363 vteunque

179 369 270 405 vlcus
281 378 388 416 tegat,
404 380 472 401 non
483 368 613 401 aliunde
632 364 789 412 impulsus
803 363 884 404 fuit,
907 364 967 400 nisi

178 418 257 465 quia
282 415 501 451 inflexibilem
530 415 740 463 quorundam
756 415 969 459 peruicaciam

177 477 271 500 nouo
285 465 436 513 praesidio
448 466 576 500 munire
593 464 697 498 voluit
709 487 720 503 ,
729 475 770 497 ne
780 474 898 510 apertae
909 474 968 498 ve-

176 515 267 550 ritati
279 515 420 550 cederet.
435 512 618 548 Peruersam
631 512 714 546 hanc
724 512 871 547 hominis
881 510 968 547 inse-

176 563 325 598 &atione
338 562 430 597 breui
449 560 571 609 scripto
589 560 727 596 refutare
739 562 872 596 coaetus
883 559 963 595 sum.

176 612 239 647 Ille
249 611 310 646 acsi
325 610 525 659 inexpiabile
543 609 665 645 facinus
677 608 849 646 admissum
864 607 962 650 foret,

175 660 286 696 multe>
300 659 575 707 intemperantius
587 659 770 694 excanduit.
784 660 886 693 Nunc
897 659 966 693 eius

146 732 151 735 »
173 707 383 744 insolentiam
393 709 567 743 retundere
579 708 662 742 mihi
683 705 805 742 necesse
816 706 888 743 fuit.
914 707 968 742 Si-

2 1443 5 1469 s
49 1433 114 1474 Pfirl.
122 1441 158 1469 18.

174 757 253 792 cubi
268 757 500 792 vehementius
511 758 543 791 in
556 769 628 791 eum
639 755 850 804 inuehar,pro
863 755 966 791 vestra

173 805 350 853 prudentia
367 811 399 842 &
417 808 568 854 aequitate
584 829 594 844 ,
617 805 738 854 quibus
759 818 813 840 me
833 806 966 840 stimulis

175 854 328 903 adegerit
350 856 524 902 expendite
535 880 543 889 .
564 853 710 889 Haereses
733 858 764 890 &
781 853 964 894 haereticos,

177 903 358 939 diabolicas
371 903 586 951 blasphemias
605 927 616 943 ‚
638 903 774 950 impiam
793 904 965 950 Scripturae

173 951 435 1001 anegationem
447 976 456 992 ,
470 952 674 988 euersioneni
693 953 846 987 omnium
857 952 964 987 sacro-

173 1013 248 1036 rum
264 1025 276 1042 ,
299 1001 663 1038 &eiusmodieonuitia
685 1000 823 1035 subinde
842 1011 962 1049 crepat.

172 1051 333 1099 Denique
346 1063 413 1085 non
425 1050 490 1086 alio
502 1049 622 1098 spec‘tat
633 1049 728 1089 liber,
739 1049 796 1083 nifi
808 1060 842 1084 vt
854 1062 914 1084 nos
925 1062 962 1084 a-

170 1098 394 1134 nathematum
405 1097 599 1134 fulminibus
611 1098 649 1132 ad
660 1099 746 1133 imos
764 1097 863 1146 vsque
874 1097 963 1133 infe-

170 1160 225 1183 ros
238 1150 429 1196 praecipitet.
449 1148 542 1196 Qid
554 1147 637 1183 mihi
649 1147 702 1181 hic
712 1146 874 1182 residuum
886 1145 962 1188 fuit,

169 1196 230 1231 nisi
250 1209 283 1232 vr
295 1199 382 1232 malo
393 1197 485 1232 nodo
507 1208 651 1243 aptarem
673 1195 792 1230 durum
804 1208 959 1236 cuneum,

169 1257 213 1279 ne
225 1244 284 1280 fibi
294 1247 327 1281 in
340 1245 391 1281 sua
403 1246 556 1280 vecordia
567 1245 666 1279 nimis
677 1245 842 1292 placeret?
854 1245 962 1292 Equi-

169 1293 246 1328 dem
259 1293 282 1329 s1
300 1294 452 1329 homines
463 1294 541 1329 istos
553 1294 683 1328 mollire
695 1291 782 1340 poffe
794 1292 862 1340 spes
873 1292 960 1333 esset,

169 1354 239 1377 non
252 1342 429 1378 recusarem
443 1342 594 1378 demissus
619 1354 653 1377 ac
668 1341 799 1389 supplex
810 1341 961 1376 Ecclesia.-

171 1402 286 1438 pacem
308 1392 481 1426 redimere.
504 1392 567 1427 Sed
588 1391 658 1438 quo
677 1388 798 1426 seratur
814 1389 960 1438 ipsorum

171 1441 329 1476 violentia
341 1464 351 1480 ‚
371 1441 527 1474 omnibus
540 1438 612 1475 satis
627 1450 745 1474 notum
758 1438 814 1473 est.
841 1442 961 1488 Itaque

169 1501 278 1525 meam
292 1490 326 1524 in
339 1488 397 1525 ista
409 1489 529 1524 duritie
549 1488 715 1523 watstanda
724 1487 959 1529 austeritatem,

169 1539 238 1574 Dei
248 1549 384 1586 quoque
403 1538 591 1585 exemplum
602 1534 746 1575 excusat,
768 1537 826 1583 qui
839 1535 870 1570 se
878 1549 960 1584 pro-

169 1588 302 1622 nuntiat
313 1599 383 1621 non
399 1586 505 1622 modo
516 1584 751 1621 inclementius
761 1586 907 1620 aetatum
919 1588 961 1620 εὖ

168 1633 344 1683 praefraffls
356 1659 366 1675 ,
380 1635 433 1671 sed
455 1646 571 1671 contra
582 1646 640 1669 eos
660 1631 864 1681 praefraeturn
875 1632 959 1669 fore.

167 1683 339 1720 caeterum
355 1683 414 1719 etsi
424 1684 507 1720 mihi
526 1683 655 1719 summo
668 1682 778 1718 studio
790 1677 873 1722 fuit,
893 1695 962 1717 rem

167 1732 271 1780 ipsam
290 1734 379 1768 ῐεᾶἒι
392 1732 557 1781 persequi,
574 1743 609 1767 vt
621 1731 662 1766 ab
683 1732 752 1766 eius
765 1732 960 1767 tra&atione

168 1782 270 1828 quam
288 1781 678 1831 minimumdigrederer:
690 1781 766 1828 quia
779 1791 888 1815 tamen
898 1781 960 1815 ad-

165 1829 325 1865 uersarius
337 1843 397 1878 pro
410 1829 467 1865 suo
481 1831 619 1879 ingenio
636 1829 701 1863 huc
713 1833 745 1866 ἅτ
757 1828 974 1867 illuctranfi-.

163 1877 418 1919 liens,ordinem
430 1892 483 1914 me
495 1890 606 1913 tenere
617 1875 718 1924 passus
731 1890 799 1912 non
807 1876 959 1917 est‚sum-

162 1938 252 1962 mam
262 1928 366 1962 totius
375 1927 491 1962 nostrae
504 1927 752 1974 disceptationis
764 1925 867 1960 tribus
883 1938 957 1961 ver-

164 1971 216 2008 bis
228 1975 446 2024 perstringere
457 1975 583 2010 licebit.
606 1976 662 2010 De
681 1975 835 2022 legitimo
845 1972 958 2009 Sacra-

166 2020 357 2059 mentorum
375 2024 451 2064 vsu,
467 2025 629 2072 dignitate
645 2027 677 2058 δι
697 2021 840 2058 efficacia
861 2035 956 2058 reue-

165 2081 277 2106 renter
287 2085 341 2107 me
357 2071 530 2119 scripfiffe,
551 2085 592 2106 ne
608 2071 675 2119 ipse
695 2071 831 2118 quidem
845 2082 955 2119 negat.

165 2119 281 2166 Qdm
292 2120 402 2155 dextre
414 2122 464 2155 vel
474 2120 602 2155 erudite
615 2121 682 2155 eius
694 2120 819 2154 iudicio
838 2144 848 2160 ,
870 2121 956 2155 nihil

166 2177 282 2202 moror
294 2191 304 2208 ,
317 2169 429 2215 quado
443 2170 574 2215 pietatis
586 2169 679 2203 laude
687 2168 727 2203 ab
737 2169 876 2204 inimico
889 2170 955 2204 mi-

166 2213 203 2248 hi
215 2216 316 2251 tribui
330 2216 404 2251 sitis
419 2218 474 2250 est.
499 2218 553 2251 De
572 2216 676 2251 tribus
695 2229 774 2264 ergo
787 2218 952 2265 capitibus

164 2261 329 2300 residuum
342 2265 389 2299 illi
402 2264 446 2299 est
456 2275 615 2299 certamen
629 2265 726 2312 :quia
737 2277 854 2311 panem
867 2268 953 2302 Coe-

165 2323 216 2359 nae
236 2313 306 2347 vult
323 2311 574 2349 substantialiter
591 2311 651 2348 effe
673 2325 792 2359 corpus
813 2314 948 2350 Christi.

164 2360 288 2395 deinde
299 2372 334 2396 vt
348 2360 498 2397 Christus
508 2360 696 2410 praesentem
708 2361 738 2396 se
749 2361 905 2397 fidelibus
916 2364 951 2399 in

165 2409 275 2444 Coena
294 2408 446 2445 exhibeat
465 2434 475 2450 ‚
496 2411 564 2445 vult
584 2408 781 2444 immensum
801 2408 862 2444 effe
884 2413 952 2446 eius

163 2464 334 2505 corpua&
348 2459 441 2507 vbiq3
454 2458 513 2493 effe
525 2470 611 2494 extra
622 2459 746 2498 locum,
762 2459 862 2494 tertio
874 2461 950 2494 nul—

162 2507 229 2542 lam
249 2508 283 2541 in
302 2506 410 2542 verbis
432 2507 706 2555 Christifiguram
717 2508 788 2541 vult
804 2508 950 2549 admitti,

151 2556 301 2603 ,quamuis
313 2556 353 2590 de
365 2569 398 2591 re
411 2558 597 2591 conueniat.
611 2556 716 2590 Tanti
728 2555 864 2591 aestimat
874 2568 951 2592 ver-

161 2603 218 2639 bis
233 2605 401 2639 mordicus
412 2604 606 2644 insistere,vt
617 2603 711 2660 satius
723 2603 760 2639 sit
770 2606 880 2639 c6c'uti
891 2617 951 2641 to-

162 2662 235 2689 tum
254 2653 372 2688 orbem
384 2677 393 2691 ‚
406 2653 504 2701 quam
521 2652 761 2701 expositionem
780 2654 878 2689 vllam
889 2655 949 2690 ad·

159 2702 262 2747 mitti.
276 2704 352 2738 Nos
362 2714 492 2737 carnem
505 2701 630 2736 Christi
644 2706 674 2737 δι
687 2701 876 2749 sanguinem
887 2715 948 2738 ve-

158 2749 194 2786 re
205 2750 304 2785 nobis
323 2752 356 2785 in
372 2752 479 2786 Coena
500 2749 611 2786 offerri
623 2749 806 2790 afferimus,
827 2761 864 2786 vt
875 2753 949 2787 ani-

157 2811 227 2834 mas
239 2799 366 2834 nostras
379 2799 561 2835 viuificent.
582 2811 642 2834 nec
660 2798 815 2848 ambigua
827 2801 869 2834 est
881 2806 947 2836 ηοξ-

157 2849 218 2883 stra
230 2848 385 2883 definitio
400 2861 499 2890 ‚.non
513 2850 605 2885 aliter
624 2847 689 2882 hoc
706 2846 863 2894 spirituali
884 2851 947 2885 ali-

160 2898 275 2931 mento
287 2920 297 2937 ,
310 2898 401 2945 quod
414 2897 512 2942 nobis
523 2900 556 2933 in
566 2897 674 2932 Coena
682 2895 830 2937 offertut,
842 2907 946 2946 vege*

161 2946 221 2977 tati
232 2946 357 2981 animas
369 2969 380 2986 ,
390 2947 491 2994 quam
504 2958 642 2993 corpora
658 2945 766 2986 nostra
778 2958 861 2994 pane
875 2959 944 2982 ter-

161 2998 244 3039 reno
253 2995 390 3030 aluntur.
404 2997 491 3030 Vera
511 2996 612 3044 igitur
623 2995 726 3030 carnis
737 2999 770 3030 δε
782 2993 946 3042 sanguinis

163 3038 288 3088 §bristi
299 3044 506 3090 participatio
517 3049 551 3079 in
563 3044 670 3078 Coena
687 3043 705 3077 a
718 3042 816 3078 nobis
829 3043 946 3079 statuiss

166 3090 317 3142 ‘URDC
329 3102 410 3127 voce
427 3091 607 3127 substantiae
629 3091 735 3139 fiquis
754 3092 847 3127 litem
867 3106 946 3128 ino-⁴

167 3138 449 3184 ireattchristum
462 3139 623 3176 afferimus
643 3140 661 3175 ἒι
671 3140 774 3175 carnis
793 3138 946 3178 suae'subss

167 3181 282 3220 stantia
293 3188 394 3222 vitam
406 3189 440 3222 in
450 3190 572 3224 animas
591 3187 715 3224 nostras
726 3186 860 3238 spirare:
875 3191 947 3227 imo

170 3234 338 3285 'propriam
347 3237 382 3272 in
393 3249 455 3273 nos
467 3239 568 3274 vitam
580 3235 778 3282 diffundere,·
790 3238 895 3278 ‘modo
906 3252 949 3277 ne

1017 231 1080 266 qua
1091 219 1275 258 substantiae
1292 222 1462 261 transfusio
1477 225 1630 276 fingatur.
1652 231 1734 266 Haec
1747 236 1802 269 in-

1015 271 1187 306 exorabilis
1208 274 1381 308 iracundiae
1392 275 1479 310 causi
1496 276 1542 312 est
1567 279 1796 326 VVestphalo,

1015 318 1107 364 quod
1127 333 1229 368 quum
1249 322 1414 359 viuificam
1434 322 1494 359 effe
1517 324 1656 361 fatemur
1678 329 1803 367 Clu-isti

1015 377 1158 421 carnem,
1171 369 1304 418 eiusque
1317 384 1378 405 nos
1390 375 1464 409 vere
1477 376 1510 409 in
1523 377 1631 410 Coena
1642 376 1711 412 fieri
1726 392 1803 426 par-

1015 424 1145 462 ticipes,
1158 417 1216 454 hac
1228 418 1436 466 simplicitate
1450 436 1517 457 non
1531 436 1708 460 contentus
1720 451 1729 466 ,
1745 440 1803 463 vr-

1015 475 1070 511 get
1081 477 1117 499 ac
1130 468 1304 502 contendit
1322 481 1440 516 panem
1463 471 1713 510 substantialiter
1724 489 1804 512 cor-

1015 524 1075 560 pus
1094 512 1165 549 csse.
1188 518 1288 551 Vnde
1301 520 1398 553 etiam
1419 523 1559 570 emergit
1578 524 1714 559 alterum
1737 526 1804 561 do-

1015 574 1091 609 gma
1102 585 1112 601 ‚
1123 576 1180 598 ore
1195 565 1288 611 impij
1301 565 1447 602 hominis
1469 583 1536 604 non
1549 569 1635 606 secu's
1648 573 1804 622 ingurgi-

1015 611 1212 647 tariChristi
1232 621 1392 662 corpus&
1415 614 1606 665 sanguinem
1629 622 1728 668 quam
1742 637 1802 671 pa-

1015 671 1088 694 nem
1098 664 1130 697 &
1146 662 1274 697 vinum.
1301 666 1372 705 Qui
1385 664 1422 699 fit
1433 669 1522 702 enim
1534 679 1568 702 vt
1578 681 1643 704 tam
1656 673 1805 718 pertina-

1016 709 1123 744 citera
1134 710 1214 761 Iuda
1227 723 1295 746 non
1315 713 1425 748 minus
1440 715 1539 762 quam
1563 717 1580 752 Ξι
1602 721 1700 753 Petro
1714 720 1804 756 sum-

1015 769 1107 804 prum
1119 755 1208 794 fuisse
1220 759 1345 797 Christi
1355 774 1474 810 corpus
1485 762 1642 806 affirmet,
1657 768 1715 803 nifi
1727 771 1805 816 quia

1014 806 1163 842 hominis
1181 809 1411 847 incredulitate
1430 811 1604 849 substantia
1631 815 1714 864 signi
1734 831 1806 854 non

1014 859 1178 902 mutatur?
1203 857 1422 895 Substantiam
1443 861 1544 908 porro
1568 864 1804 912 imaginantur,

1014 916 1084 952 quae
1094 906 1275 941 Deiverbo
1287 908 1424 944 minime
1445 910 1662 946 consentanea
1676 914 1721 949 est
1734 938 1744 954 ‚
1769 923 1807 952 vt

1012 954 1089 1001 pani
1102 954 1252 990 Christus
1264 968 1393 991 carnem
1405 957 1493 992 suam
1515 958 1743 998 substatialiter
1754 963 1807 999 af-

1012 1001 1103 1051 figat.
1115 1004 1204 1039 Nam
1217 1004 1309 1052 quod
1321 1005 1511 1042 obtendunt
1523 1008 1697 1045 absurdum
1711 1012 1770 1046 effe
1782 1012 1805 1048 si

1010 1051 1051 1085 ab
1063 1051 1235 1088 hominum
1248 1052 1314 1088 fide
1325 1055 1464 1101 pendeat
1474 1056 1724 1102 promiffionum
1736 1062 1808 1098 Dei

1012 1101 1239 1142 veritas,nullo
1257 1104 1396 1150 negotio
1410 1105 1557 1139 diluitur.
1572 1105 1705 1144 Diserte
1716 1111 1809 1146 enim

1009 1150 1169 1185 testamur
1180 1151 1302 1185 nullam
1317 1153 1545 1188 incredelitate
1555 1154 1703 1197 obstare,
1724 1160 1808 1206 quin

1011 1197 1099 1232 suam
1112 1200 1180 1233 vim
1201 1199 1396 1236 &naturam
1414 1203 1555 1237 retineat
1573 1203 1655 1238 sacra
1679 1206 1807 1243 christi

1011 1246 1176 1282 institutio
1186 1271 1196 1287 ‚
1209 1248 1291 1296 quin
1313 1248 1470 1285 offeratur
1489 1263 1523 1285 ac
1537 1252 1632 1287 detur
1643 1255 1805 1291 omnibus

1011 1307 1087 1330 caro
1097 1296 1165 1332 eius
1178 1297 1211 1331 in
1225 1296 1424 1344 spiritualem
1436 1299 1548 1335 cibum
1569 1324 1578 1341 ,
1595 1304 1671 1337 &in
1685 1315 1805 1350 potum

1009 1343 1137 1392 sanguis
1148 1368 1158 1385 ,
1171 1347 1252 1392 quin
1263 1347 1352 1393 panis
1365 1358 1477 1382 verum
1492 1346 1531 1383 sit
1545 1352 1650 1385 carnis
1665 1351 1803 1399 symbo-

1009 1393 1078 1426 lum
1092 1417 1103 1433 ‚
1116 1397 1147 1430 &
1159 1395 1272 1429 vinum
1287 1393 1452 1442 sanguinis
1463 1420 1473 1436 ‚
1485 1398 1565 1444 quin
1577 1400 1688 1435 stabile
1699 1415 1735 1436 ac
1749 1415 1803 1438 ra·-

1009 1451 1081 1475 tum
1103 1441 1141 1477 sit
1158 1443 1249 1490 quod
1270 1443 1422 1480 Christus
1445 1445 1462 1480 ἐ
1484 1448 1570 1481 coelo
1591 1451 1798 1495 pronuntiat,

1011 1501 1129 1537 corpus
1141 1513 1151 1530 ,
1162 1492 1253 1538 quod
1267 1490 1360 1532 semel
1375 1493 1408 1526 in
1423 1492 1615 1530 sacrificium
1631 1500 1718 1533 Patri
1734 1499 1802 1535 ob-

1011 1538 1191 1580 tulit‚nunc
1209 1539 1404 1576 horninibus
1415 1542 1448 1576 in
1460 1543 1653 1580 alimentum
1669 1547 1800 1584 offerre.-

1011 1586 1044 1621 Si
1058 1586 1122 1622 hoc
1133 1588 1299 1624 beneficio
1310 1586 1340 1624 se
1351 1588 1503 1626 fraudant
1516 1593 1611 1640 impij
1627 1618 1637 1634 ‚
1660 1593 1803 1644 facitque

1011 1647 1125 1671 eorum
1138 1637 1370 1679 incredulitas,
1389 1650 1430 1673 ne
1449 1638 1567 1675 fruitio
1581 1643 1620 1676 ad
1631 1655 1688 1677 eos
1702 1645 1803 1692 vsque

1009 1686 1197 1731 perueniat,
1220 1695 1378 1735 negamus
1401 1690 1613 1724 Sacramento
1627 1703 1804 1739 propterea

1009 1734 1187 1781 quicquam
1202 1734 1359 1770 decedere
1374 1749 1382 1769 ι
1409 1736 1485 1783 quia
1496 1737 1662 1785 integrum
1677 1753 1800 1778 manet.

1009 1782 1198 1817 Secundum
1209 1782 1393 1830 questionis
1407 1795 1504 1832 caput
1515 1797 1583 1821 non
1594 1800 1631 1822 ex
1641 1789 1705 1823 alio
1720 1789 1801 1826 fon-

1009 1839 1041 1865 te
1053 1831 1158 1865 oritur
1168 1854 1178 1869 ,
1190 1832 1290 1879 quam
1303 1845 1339 1866 ex
1352 1833 1456 1868 modo
1467 1838 1800 1881 communicationis,

1007 1891 1106 1926 quem
1119 1879 1348 1927 VVestphalus
1360 1884 1402 1915 εὖ
1423 1884 1572 1930 corporis
1588 1884 1711 1922 Christi
1732 1889 1800 1923 im-

1007 1927 1179 1963 mensitate
1194 1927 1370 1963 necessario
1390 1931 1607 1967 coniune'tum
1619 1933 1679 1969 esse
1690 1948 1795 1983 putat:

1006 1975 1066 2010 nifi
1079 1977 1190 2012 cotim
1201 1975 1324 2011 sistatur
1333 1977 1459 2014 Christi
1473 1993 1707 2032 corpusmcgat
1720 1986 1798 2022 vere

1007 2025 1258 2060 communicati.
1290 2027 1367 2061 Nos
1379 2030 1494 2064 contra
1506 2033 1799 2079 excipimus,loco-

1005 2085 1078 2108 rum
1090 2073 1242 2108 distantia
1253 2087 1320 2108 non
1332 2075 1505 2122 prohiberi
1516 2080 1705 2117 immenfiun
1721 2085 1797 2131 Spi-

1005 2122 1085 2156 ritus
1097 2124 1343 2170 virtutem‚quae
1353 2126 1454 2161 vitam
1467 2140 1504 2162 ex
1516 2128 1641 2165 Christi
1655 2144 1749 2167 carne
1762 2135 1798 2169 in

1004 2183 1066 2205 nos
1079 2169 1289 2206 transfundit.
1314 2175 1426 2221 Atque
1437 2174 1666 2227 hicdetegitur
1681 2194 1798 2218 eorum

1004 2218 1222 2266 improbitaS,
1245 2221 1302 2267 qui
1319 2223 1433 2258 odiose
1445 2226 1479 2259 in
1496 2227 1612 2275 vulgus
1627 2226 1794 2278 spargunt,

1004 2280 1066 2302 nos
1078 2267 1202 2303 Christi
1215 2268 1415 2315 praesentiam
1426 2273 1444 2307 a
1456 2275 1564 2309 Coena
1575 2278 1703 2317 tollere,
1718 2281 1795 2325 quia

1003 2317 1071 2350 Dei
1082 2319 1266 2363 potentiam
1279 2317 1365 2353 sensu
1379 2322 1490 2357 nostro
1499 2325 1663 2359 metimur.
1694 2327 1795 2374 Qsi

1001 2364 1084 2399 vero
1097 2365 1192 2400 huius
1204 2365 1343 2414 mysterij
1355 2367 1536 2406 sublimitas
1557 2396 1567 2411 ‚
1593 2372 1728 2409 humani
1740 2377 1796 2410 in-

1002 2413 1091 2461 genii
1104 2425 1234 2461 captum
1251 2427 1319 2451 non
1333 2416 1473 2466 superet,
1486 2420 1655 2456 Christum
1669 2423 1746 2458 licet
1756 2426 1795 2460 'in

1002 2461 1126 2497 coelesti
1138 2464 1242 2511 gloria
1249 2469 1462 2516 manea-uqa&
1477 2469 1514 2502 ad
1531 2471 1680 2516 corporis
1692 2471 1737 2507 sui
1750 2472 1794 2507 si·-

1001 2520 1202 2551 tum‚arcana
1214 2523 1321 2549 tamen
1336 2518 1475 2563 Spiritus
1488 2519 1592 2563 gratia
1603 2519 1642 2553 ad
1658 2532 1720 2554 nos
1729 2522 1794 2557 'de-

999 2556 1154 2595 scendere
1167 2571 1222 2602 ‚vt
1245 2575 1305 2597 nos
1318 2564 1378 2599 fibi
1390 2567 1501 2600 vnitos
1528 2566 1604 2600 vitae
1623 2566 1682 2602 suae
1695 2566 1794 2606 faci'at

999 2609 1185 2657 participes.
1218 2612 1317 2656 Quasi
1340 2613 1449 2648 minus
1471 2612 1642 2660 splendide
1655 2620 1794 2654 extollat

999 2658 1067 2691 Dei
1078 2660 1335 2709 potentiam‚qui
1349 2663 1450 2696 vitam
1462 2675 1498 2697 ex
1510 2664 1605 2703 carine
1617 2666 1740 2702 Christi
1756 2670 1791 2702 in

999 2717 1061 2740 nos
1080 2706 1216 2744 influere
1228 2709 1328 2745 docet
1350 2734 1359 2750 ‚
1378 2711 1477 2757 quam
1493 2714 1551 2759 qui
1572 2711 1590 2748 ’ἐ
1614 2717 1700 2750 eoelo
1720 2719 1789 2751 eiu's

999 2767 1128 2791 carnem
1140 2757 1248 2798 elicit,
1263 2770 1298 2794 vt
1310 2759 1408 2794 nobis
1421 2758 1458 2793 fit
1472 2760 1618 2797 viuifica.
1654 2767 1790 2799 Leuitet

997 2802 1065 2838 haec
1077 2816 1165 2841 nunc
1175 2807 1301 2848 delibo,
1315 2820 1385 2855 quae
1397 2806 1493 2842 fufius
1508 2811 1683 2847 &vberius
1692 2825 1791 2860 repe-

996 2853 1088 2887 rietis
1098 2854 1158 2889 suis
1167 2856 1250 2891 locis
1262 2857 1416 2904 exposita.
1428 2859 1484 2891 ‘Ac
1493 2869 1534 2904 ne
1545 2868 1604 2893 vos
1618 2859 1635 2894 ἂ
1646 2860 1724 2895 libri
1738 2860 1789 2896 le*-

996 2901 1109 2938 &ione
1121 2904 1242 2940 diutius
1254 2906 1458 2943 remorer-‚de
1471 2908 1591 2941 vltimo
1605 2911 1712 2955 capite
1724 2912 1789 2945 iam

995 2949 1306 3003 aliquidattingarn.
1335 2953 1437 2987 Nefas
1458 2954 1621 2992 existimat
1641 2970 1786 3005 quaerere

994 3009 1064 3044 quo
1083 2996 1173 3035 senfin
1193 3014 1312 3048 panem
1325 3019 1337 3039 ‚-
1353 2999 1507 3037 Christus
1530 3005 1649 3040 dixerit
1669 3018 1788 3055 corpus

996 3046 1100 3087 suum,
1120 3049 1195 3096 quia
1206 3049 1522 3098 verborumclaritas
1530 3065 1669 3088 omnem
1683 3069 1789 3103 expo*-

996 3094 1148 3141 fitionem'
1161 3097 1292 3144 respuit.
1315 3099 1395 3132 'Nos
1414 3103 1577 3137 au‘te'mad'
1590 3101 1788 3140 familiarem

995 3143 1179 3192 'tritt‘imque
1199 3148 1371 3193 Scripturae
1398 3154 1530 3184 'mo-rem
1554 3163 1788 3198 prouocamus,

995 3204 1069 3240 quae
1079 3194 1270 3242 reisignatae
1278 3198 1553 3244 nomEfi,quoties
1562 3195 1606 3244 ,de
1618 3203 1787 3240 Sae‘ra'mfi-

991 3243 1043 3278 tis
1050 3244 1158 3291 agitur
1169 3267 1180 3285 ,
1191 3243 1230 3291 ad
1239 3242 1368 3292 fignuffi
1380 3246 1484 3293 ipsum
1496 3245 1649 3283 transfert
1662 3261 1671 3283 ι
1690 3251 1791 3286 cuiue

1120 3318 1130 3335 Ι
