2113 3674
308 210 322 235 1
344 208 362 231 2

305 208 379 297 3δὶ
387 273 499 296 cauere
513 258 704 298 iubebat,an
715 268 780 304 ego
790 252 1103 302 iiianum2praebuis-‘

306 309 467 345 sem?Nec
479 310 585 357 magis
595 305 783 354 pestilentes
799 302 1029 339 fo‘reEe'clefiae
1041 315 1096 351 tue

306 359 418 395 hostes
428 356 667 394 denuntiabant
680 353 951 402 Apostoli‚quam
967 353 1098 387 intesti-

307 421 369 444 nos
378 432 390 449 ‚
403 409 460 455 qui
472 406 528 440 sub
539 403 712 441 Pastorum
733 401 834 440 tituli>
842 402 1097 438 delitescerent.

307 461 406 505 ch
420 453 686 504 pronuntiabant
698 450 758 487 effe
769 448 942 487 habendos
954 459 1022 498 'pro
1034 450 1109 485 ho-'

306 503 467 546 stibus,ab
479 504 518 538 iis
529 515 585 538 cur
597 500 794 538 dubitassem
804 513 857 535 me
865 499 1107 547 &iunget-&1⁴25

306 565 381 591 rant
395 553 480 589 mihi
490 554 525 588 iri
534 551 641 587 oculis
652 550 895 598 Prophetarum
916 560 1052 584 tuorum
1065 561 1102 583 e—

306 601 581 651 xeinpla,quibus
593 599 749 636 videbam
760 609 867 634 tantas
877 595 969 633 fuisse
982 600 1110 632 cotem·

305 654 416 689 tiones
437 664 512 686 cum
533 649 630 684 seculi
644 647 689 684 sui
709 646 941 684 Sacerdotibus
962 658 999 681 ac
1017 649 1103 680 Pro-

307 701 518 750 pherimquos
529 699 616 734 certe
629 696 755 733 constat
767 695 857 732 fuisse
868 697 903 731 in
915 695 1046 743 populo
1055 693 1109 729 Is-·

306 751 457 786 raelitico
467 747 618 784 Ecclesiae
629 745 788 795 ptaesules.
811 749 858 780 At
871 756 941 778 non
952 744 1030 780 ideo
1043 743 1106 778 ha-

306 799 500 847 benturpro
514 796 723 832 schismaticis
735 793 911 841 Prophetae
923 794 996 834 tui,
1009 792 1104 840 quod

308 848 388 884 dum
402 846 576 895 collapsam
590 846 789 893 religionem
803 842 980 878 instaurare
991 843 1103 894 uolut,

309 899 374 932 illis
388 897 509 932 summa
523 896 556 930 vi
568 891 830 942 repugnantibus
849 904 921 926 non
944 891 1104 927 cesserint.

309 946 493 982 Manebant
506 958 586 994 ergo
599 944 633 978 in
645 954 720 977 vera
728 940 873 990 Ecclefie
886 940 1107 980 vnitate‚cuni

311 997 330 1032 ἆ
343 996 505 1031 sceleratis
516 991 742 1029 fiicerdotibus
757 991 838 1026 diris
860 988 1033 1025 omnibus·
1045 989 1108 1024 de-

312 1040 750 1089 uouerentur‚ci1mindigni
762 1038 1043 1086 censerentur‚qui
1052 1039 1109 1072 lo-⁴

311 1107 389 1130 curn
399 1095 485 1129 inter
495 1089 787 1131 homines,nedum
800 1089 886 1123 inter
896 1088 1034 1122 §anctos
1043 1087 1110 1122 had

264 1161 282 1171 -·
312 1144 441 1180 berent.
468 1143 596 1178 Eorum
608 1149 689 1187 ergo
699 1138 858 1185 exemplis
876 1137 1109 1177 confirmatus,

316 1193 360 1229 sic
374 1191 532 1231 constiti,
545 1200 581 1224 vt
593 1187 678 1223 nihil
690 1200 744 1223 me
758 1188 819 1222 illae
832 1187 872 1222 de
884 1184 1035 1222 Ecclefiae
1047 1185 1108 1221 de-

313 1242 458 1278 sertione
470 1237 748 1280 obnuntiationes
760 1237 901 1271 minaeve
910 1236 1108 1275 tei-ritatem,

315 1292 386 1340 quo
410 1292 521 1326 minus
533 1289 718 1323 constanter
737 1283 971 1333 intrepideque
990 1296 1111 1331 perge-

316 1354 387 1377 rem
396 1341 436 1374 iis
446 1333 610 1374 aduersari
621 1359 629 1374 ‚
641 1336 699 1384 qui
712 1333 768 1369 sub
789 1333 960 1369 Pastorum
974 1331 1111 1380 persona

316 1388 488 1439 plusquam
507 1387 608 1434 impia
620 1384 796 1432 tyrannide
818 1382 998 1417 Ecclesiam
1020 1393 1110 1416 tuam

317 1437 563 1486 disperdebant.
577 1436 675 1470 Eram
687 1435 776 1468 enim
790 1432 873 1467 mihi
884 1431 1014 1479 optime
1026 1443 1111 1465 con-

316 1487 419 1527 scius,
433 1495 560 1534 quanto
582 1483 732 1518 vniendae
750 1480 901 1523 Ecclesiae
922 1491 985 1515 tuae
1003 1480 1111 1515 studio

317 1537 505 1586 flagrarem,
521 1533 627 1569 modo
652 1526 840 1566 concordiae
862 1531 928 1565 cius
941 1530 1113 1564 vinculum·

288 1618 293 1619 ⁷
318 1585 395 1622 esset
406 1597 460 1620 tua
472 1583 690 1628 veritas.,Q
700 1578 857 1615 subsecuti
866 1579 939 1613 sunt
948 1587 1113 1618 motus,vt

319 1637 338 1671 ἃ
357 1647 410 1670 rue
420 1646 490 1668 non
502 1631 574 1666 sunt
586 1630 717 1666 excitati
731 1654 740 1669 ‚
760 1630 804 1664 ita
826 1641 896 1663 non
906 1629 950 1662 est
961 1639 1017 1663 cur
1028 1626 1114 1663 milii

319 1685 540 1732 imputentur.
569 1681 636 1715 Scis
650 1703 660 1719 ‚
670 1679 826 1714 Domine
839 1701 850 1718 ‚
862 1688 911 1712 res
923 1677 1022 1711 etiam
1047 1676 1115 1723 ipsa

321 1733 410 1781 apud
429 1731 585 1766 homines
602 1728 716 1764 testata
741 1726 809 1767 est,
829 1737 864 1760 vt
882 1725 1114 1774 nihilquaesie-

320 1785 384 1818 rim
397 1805 408 1822 ‚
420 1781 520 1829 quam
535 1778 639 1813 verbo
659 1790 719 1813 tuo
739 1774 978 1811 controuersias
999 1786 1115 1809 omnes

321 1832 456 1870 dirimi,
478 1829 547 1876 quo
563 1851 574 1868 ‚
596 1826 786 1862 coniunffls
808 1825 929 1860 animis
947 1847 960 1865 ‚
977 1835 1116 1871 Vtraque

321 1893 394 1930 pars
410 1880 450 1915 acl
462 1876 695 1913 stabiliendum
705 1877 863 1922 Regnum
874 1885 971 1909 tuum
980 1873 1115 1920 conspi-

321 1940 430 1966 raret:
451 1938 486 1962 vt
499 1938 568 1962 non
588 1924 799 1960 detreetarim
812 1946 824 1963 ,
849 1924 902 1958 vel
916 1925 1033 1969 capitis
1050 1921 1118 1957 mei

322 1977 499 2027 dispendio
513 2000 523 2017 ,
536 1987 650 2023 pacem
671 1971 823 2008 Ecclesiae
843 1973 986 2011 restitui,
1006 1970 1028 2005 si
1048 1970 1118 2006 fru-

322 2026 386 2064 stra
395 2025 587 2062 tumultuari
600 2020 819 2070 deprehensus
829 2019 1049 2067 forem.Qd
1060 2032 1118 2054 au-

325 2088 395 2112 tem
409 2073 580 2118 aduersarij
602 2075 615 2106 ?
647 2070 778 2107 Nonne
790 2071 941 2117 protinus
960 2070 1000 2103 ad
1012 2072 1119 2117 ignes,

326 2126 367 2160 ad
382 2135 492 2160 cruces
503 2147 514 2163 ,
526 2122 564 2156 ad
575 2120 702 2170 gladios
724 2118 844 2153 furiose
869 2120 1118 2166 procurrerunt?

299 2168 305 2173 ”
326 2173 458 2210 Nonne
470 2172 607 2215 Vnicum
629 2168 690 2203 sibi
712 2167 896 2215 praesidium
912 2168 945 2201 in
968 2168 1065 2201 armis
1087 2170 1122 2202 δε

328 2222 450 2258 saeuitia
463 2217 524 2256 effe
536 2219 746 2254 iudicarunt?
778 2216 907 2251 Ndnne
918 2216 956 2250 ad
977 2217 1121 2250 eundem

330 2271 478 2308 furorem
489 2281 606 2304 omnes
618 2267 752 2302 ordines
767 2265 964 2313 instigarunt
984 2267 997 2298 ?
1017 2263 1122 2300 Non-

330 2334 374 2356 ne
405 2331 523 2355 omnes
550 2315 793 2364 pacificationis
813 2316 957 2349 rationes
989 2311 1122 2361 respue-

330 2382 407 2407 runt
430 2372 444 2403 ?
472 2368 526 2402 Ec>
546 2365 668 2402 fictum
678 2363 742 2404 est,
756 2376 791 2398 vt
804 2376 872 2404 τες,
891 2375 962 2410 quae
973 2360 1121 2397 sedatis-

333 2418 420 2456 inice
430 2417 556 2464 alioqui
567 2425 699 2463 ‘poterat
710 2437 720 2453 ‚
732 2414 765 2447 in
778 2414 841 2447 tale
854 2423 1020 2446 certamen
1032 2423 1123 2446 exar-

334 2467 423 2513 serit.
438 2469 640 2513 Quanquam
653 2469 762 2497 autem
775 2463 809 2496 in
821 2473 910 2496 tanta
919 2474 1027 2496 rcrurn
1038 2473 1124 2495 con-

335 2517 531 2553 turbatione
541 2516 629 2549 vai-ia
639 2511 772 2548 fuerunt
789 2510 971 2545 hominum
989 2510 1124 2550 iudicia,

336 2567 403 2602 iam
415 2576 526 2601 tamen
537 2563 632 2598 omni
643 2562 766 2596 timore
778 2559 847 2594 sum
858 2558 1124 2606 liberatus,p0st-

337 2627 435 2663 quam
445 2615 483 2649 ad
493 2625 587 2649 tuum
599 2609 935 2647 tribunaladstamus:
949 2609 1009 2643 vbi
1020 2610 1126 2656 aequi-

340 2675 388 2699 tas
398 2677 471 2698 cum
482 2663 620 2698 veritate
632 2658 810 2695 coniuneta
820 2681 829 2696 ‚
853 2670 922 2691 non
934 2657 992 2692 nisi
1009 2657 1126 2692 secun-

342 2713 419 2748 dum
429 2711 658 2746 innocentiam
672 2708 887 2757 pronuntiare
909 2706 1029 2754 potest.
1059 2707 1126 2747 En,

317 2778 322 2781 ·
341 2762 505 2798 Sadolete‚
517 2771 586 2794 non
595 2770 694 2806 quam
706 2755 782 2796 tibi,
797 2755 835 2790 ad
847 2767 909 2789 nos
920 2767 1129 2804 praegrauan..

343 2812 404 2846 dos
417 2836 425 2850 ‚
448 2807 656 2843 comminisci
667 2806 766 2841 libuit
778 2802 874 2839 causae
893 2803 1011 2839 nostrae
1019 2804 1128 2839 afflo-

341 2873 437 2895 nem:
459 2856 511 2892 sed
525 2870 622 2904 quam
635 2854 695 2891 esse
705 2853 902 2890 veriffimam
917 2858 950 2890 δι
961 2864 1049 2889 nunc
1060 2853 1129 2888 bo-

343 2910 380 2943 ni
405 2906 611 2956 cognoscunt
634 2930 645 2947 ‚
674 2909 708 2941 &
734 2902 894 2940 omnibus
916 2903 1068 2938 creaturis
1094 2902 1130 2938 in

345 2957 404 2993 illo
415 2957 472 2991 die
482 2955 627 3003 patefiet.
655 2955 779 3001 Neque
795 2951 879 2988 vero
889 2952 931 2986 iis
940 2952 1039 2987 etiam
1049 2976 1059 2993 ‚
1071 2952 1131 2997 qui

346 3005 580 3054 praedicatione
589 3004 696 3047 nostra
705 3002 815 3038 edoffi
823 3025 834 3041 ,
847 3000 890 3036 ad
902 3000 1043 3036 'eandem
1064 3013 1132 3035 no·-

331 3053 473 3090 ihiscum
486 3051 607 3088 causam
617 3051 804 3087 accesserint
815 3075 825 3091 ‚
837 3049 941 3088 deerit
958 3049 1052 3097 quod
1070 3062 1132 3097 pro

346 3103 377 3140 se
390 3104 587 3151 loquantur,
598 3101 732 3149 quando
744 3101 812 3136 haec
831 3100 949 3147 cuique
972 3110 1080 3146 parata
1093 3112 1130 3133 e-

346 3153 389 3188 rit
400 3149 544 3188 defensio
558 3165 565 3184 :
577 3150 652 3197 Ego
663 3173 674 3189 ‚
683 3151 836 3185 Domine
847 3173 856 3189 ,
872 3147 934 3183 vta
946 3160 1047 3195 puero
1060 3146 1131 3181 fue—

345 3213 414 3239 ram
436 3201 589 3235 educatus
610 3221 619 3238 ‚
642 3198 864 3234 Christianam
886 3195 1015 3245 semper
1031 3196 1134 3230 fidem

348 3248 508 3298 professus
522 3247 603 3284 sum.
631 3246 735 3294 Ipsius
745 3257 855 3282 autem
877 3246 957 3282 fidei
969 3248 1134 3281 rationem

320 3325 322 3327 >
348 3311 418 3334 non
427 3299 523 3335 aliam
536 3297 635 3343 initio
647 3295 749 3331 habui
761 3296 877 3343 ,quim
897 3306 969 3344 quae
981 3305 1050 3331 tum
1062 3290 1137 3344 pas-⁴

747 163 1508 228 AD-L-›sifliDoLEJTvM

1146 255 1207 292 sim'
1217 251 1422 292 obtinuerat.
1451 257 1602 300 Verbum
1616 269 1728 298 tuum,
1741 257 1833 305 q‘uod
1845 257 1944 294 instar

1147 306 1308 353 lain'padis
1320 307 1497 354 praelucere'
1506 306 1660 341 vniuerso
1674 308 1801 355 populo
1814 318 1873 342 tuo
1886 308 1946 342 de-'

1148 355 1559 402 buerat‚'ademptum‚vel
1570 355 1658 391 certe
1668 354 1868 404 suppressum
1881 368 1949 391 no-

1151 403 1208 437 bis
1222 416 1303 439 erat.
1324 405 1380 446 Et
1393 416 1434 438 rie
1446 405 1520 450 quis
1531 406 1806 440 maioremlucein
1819 404 1950 447 deside-

1151 457 1236 496 rare't
1246 477 1256 494 ‚
1269 451 1432 489 insederat
1442 454 1598 488 omnium
1610 454 1730 489 animis
1744 454 1802 489 ista
1817 453 1950 501 persua4

1153 501 1200 536 sio
1215 525 1225 541 ‚
1247 501 1387 537 coe'lestis
1410 502 1498 537 illius
1516 500 1706 551 arcanaeque
1727 501 1950 551 philosophiae

1153 550 1407 598 inquisitionem
1420 551 1532 598 paucis
1544 552 1663 586 melius
1676 552 1855 600 delegare&
1869 553 1949 599 qui-

1152 599 1215 635 bus
1227 601 1357 635 oracula
1371 600 1711 650 peterenturzplebeiis
1723 600 1870 650 ingeniis
1878 605 1952 636 non

1154 649 1309 698 al'tio'reijii
1321 649 1580 696 intelligentiam
1592 651 1788 690 conuenire,
1800 649 1903 697 quan-i
1913 654 1951 684 vt

1153 696 1236 742 se'adj
1244 697 1395 743 Ecclesiae
1407 697 1636 733 obedientiam
1647 696 1852 746 subigerent.
1873 699 1951 734 Ru·
1983 712 1990 717 ·

1155 746 1304 782 dimen‘ta
1314 758 1421 782 autem
1434 771 1444 787 ,
1457 745 1577 794 quibus
1588 745 1713 782 fueram
1725 747 1878 782 initiatus
1889 770 1900 787 ,
1912 758 1951 782 e-

1155 793 1300 830 iusmodi
1320 807 1411 830 erant
1421 820 1433 837 ,
1446 807 1483 831 vt
1499 808 1560 830 nec
1572 809 1623 831 me
1631 796 1671 832 ad
1683 796 1873 845 legitimum
1885 808 1952 831 nu·

1156 845 1256 880 minis
1278 847 1326 880 tui
1338 846 1468 880 cultum
1499 844 1572 879 satis
1592 845 1820 891 instituerent:
1842 857 1953 892 neque

1155 892 1241 939 mihi
1261 894 1308 928 ad'
1322 898 1445 929 certain
1466 892 1557 942 spem
1578 893 1794 930 salutis'viam
1814 894 1954 941 expedia}

1156 948 1304 977 ientenec
1315 956 1369 978 me
1379 942 1465 977 bene
1476 943 1516 978 ad
1529 941 1639 978 officia
1650 941 1833 979 formarent
1846 942 1954 978 Chri-·
1978 958 1981 961 ’

1155 990 1266 1026 stianae
1282 992 1367 1026 vitae.
1393 993 1446 1027 Te
1453 991 1591 1040 quidem
1601 1004 1704 1027 vnum
1713 1005 1775 1040 pro
1786 994 1865 1027 Deo
1875 1004 1953 1027 meo

1157 1039 1269 1075 colere
1277 1040 1480 1076 didiceram:
1494 1039 1548 1076 sed
1560 1040 1635 1076 cum
1645 1054 1700 1076 me
1711 1041 1842 1088 penitus
1855 1040 1955 1089 suge-

1157 1095 1207 1124 re't
1219 1101 1293 1124 vera
1307 1090 1443 1124 colendi
1460 1090 1546 1125 ratio
1559 1114 1569 1130 ,
1586 1091 1620 1124 in
1644 1091 1755 1138 primo
1775 1089 1885 1125 statim
1897 1094 1955 1124 ‘in-

1157 1136 1481 1187 gresl'u'cxcidebam.
1508 1138 1695 1175 Credebam
1709 1162 1719 1179 ‚
1734 1149 1770 1173 vt
1782 1138 1906 1173 fueram
1916 1151 1954 1173 ε-

1159 1187 1383 1233 clo&us‚filij
1403 1189 1453 1222 tui
1464 1198 1575 1223 morte
1588 1201 1642 1223 me
1660 1184 1869 1236 redemptum
1893 1186 1956 1223 effe

1158 1235 1200 1272 ab
1210 1236 1424 1285 obligatione
1434 1244 1559 1272 aeternae
1572 1237 1711 1273 mortis:
1723 1236 1775 1273 sed
1789 1249 1859 1272 eam
1871 1237 1957 1272 ima-

1159 1285 1298 1335 ginabar
1309 1285 1577 1333 redemptionem
1591 1310 1602 1326 ,
1612 1287 1703 1322 cuius
1715 1286 1818 1321 virtus
1826 1297 1956 1333 nequa-

1160 1342 1260 1383 quam
1272 1335 1376 1370 adme
1396 1336 1595 1383 perueniret.
1622 1334 1847 1382 Expe&abam
1865 1333 1956 1369 futu·

1160 1393 1235 1419 rum
1255 1383 1503 1419 resurrectionis
1526 1384 1618 1418 diem
1630 1407 1641 1424 ,
1655 1383 1709 1418 sed
1722 1385 1812 1418 cuius
1825 1396 1958 1419 memo-

1161 1434 1244 1468 riam
1255 1457 1265 1474 ,
1285 1434 1376 1468 velut
1392 1434 1438 1468 rei
1461 1430 1692 1467 infaustiffimae
1703 1456 1713 1472 ‚
1735 1432 1956 1467 abominarer.

1161 1480 1275 1530 Atque
1292 1482 1346 1518 hic
1365 1481 1471 1517 sensus
1490 1495 1558 1516 non
1571 1481 1654 1516 mihi
1670 1483 1829 1529 priuatim
1841 1481 1958 1516 domi-

1161 1538 1335 1567 natus'erat
1355 1555 1364 1570 ‚
1385 1529 1438 1566 sed
1454 1544 1491 1566 ex
1507 1543 1544 1565 ea
1564 1530 1718 1566 &ustrina
1739 1555 1750 1572 ‚
1774 1542 1845 1578 quae
1856 1529 1960 1566 tuma

1161 1581 1280 1629 populi
1305 1579 1490 1616 Christiani
1509 1578 1674 1627 magistris
1695 1581 1823 1628 populo
1844 1577 1960 1627 paffim

1162 1629 1352 1665 tradebatur
1370 1653 1381 1669 ‚
1409 1639 1590 1676 conceptus
1602 1654 1612 1663 .
1655 1629 1880 1664 Clementiam
1905 1639 1960 1663 er-

1164 1692 1203 1727 ga
1214 1678 1371 1713 homines
1389 1690 1480 1713 tuam
1498 1677 1720 1726 praedicabant
1734 1679 1784 1713 illi
1805 1677 1959 1725 quidem,

1164 1728 1218 1763 sed
1230 1740 1299 1762 nori
1313 1726 1430 1762 nisieis
1442 1751 1451 1767 ,
1464 1729 1522 1775 qui
1544 1724 1575 1762 se
1595 1726 1718 1776 dignos
1737 1725 1958 1775 praebuiffent.

1163 1777 1381 1825 Dignitatem
1394 1777 1496 1824 porro
1505 1777 1540 1811 in
1551 1788 1693 1824 operum
1704 1775 1832 1811 iustitia
1850 1775 1962 1810 collo·

1166 1826 1284 1862 cabant
1296 1850 1307 1866 ,
1317 1836 1355 1860 vt
1367 1826 1422 1861 ille
1434 1826 1569 1862 demum
1581 1826 1616 1860 in
1625 1826 1766 1873 gratiam
1778 1823 1836 1859 abs
1855 1834 1889 1859 te
1907 1835 1963 1859 re-

1166 1877 1350 1923 ciperetur,
1363 1875 1421 1923 qui
1441 1873 1472 1910 se
1490 1874 1555 1910 tibi
1575 1874 1734 1923 operibus
1754 1873 1961 1909 conciliaret.

1166 1926 1244 1961 Nec
1266 1922 1514 1959 dissimulabant
1531 1934 1644 1959 tamen
1654 1923 1790 1958 interim
1801 1946 1811 1962 ,
1825 1920 1964 1957 miseros

1167 1972 1229 2009 effe
1239 1986 1302 2008 nos
1312 1984 1503 2020 peccatores
1513 1996 1524 2014 ‚
1544 1976 1577 2009 &
1588 1973 1647 2019 qui
1658 1971 1738 2019 saepe
1750 1970 1854 2006 carnis
1864 1969 1965 2006 infir-

1169 2024 1287 2058 mitate
1306 2021 1499 2057 laberemur.
1533 2021 1680 2056 Proinde
1692 2032 1908 2055 communem
1920 2031 1966 2054 0-

1169 2081 1305 2119 portere
1316 2070 1473 2106 omnibus
1494 2068 1554 2105 effe
1570 2068 1679 2104 salutis
1698 2079 1834 2117 portum
1846 2092 1857 2109 ,
1871 2080 1964 2104 tuam

1169 2119 1444 2155 misericordiam:
1458 2118 1511 2155 sed
1523 2119 1610 2153 enim
1621 2119 1688 2153 eius
1699 2117 1892 2154 obtinendae
1902 2116 1966 2151 hic

1171 2167 1445 2204 demonstrabant
1455 2169 1619 2203 rationem
1630 2190 1640 2207 ,
1652 2167 1674 2202 fi
1686 2179 1746 2214 pro
1758 2165 1888 2201 offensis
1900 2164 1967 2201 tibi

1170 2217 1447 2252 satisfieret.Tum
1459 2215 1637 2252 satisfactio
1649 2216 1750 2251 nobis
1763 2214 1968 2263 iniungeba-

1171 2267 1385 2314 turiprimfiin
1396 2277 1431 2300 vt
1444 2264 1578 2300 confeffi
1592 2263 1752 2300 sacerdoti
1761 2265 1876 2300 omnia
1885 2275 1968 2311 pec-

1171 2327 1241 2350 cata
1251 2339 1262 2355 ‚
1276 2318 1374 2351 venia
1385 2314 1425 2349 ab
1437 2312 1711 2362 solutionemque
1729 2313 1892 2361 supplices
1904 2324 1967 2360 pe·-

1172 2374 1333 2400 teremus:
1349 2364 1471 2399 deinde
1480 2387 1492 2404 ,
1503 2366 1541 2398 vt
1550 2363 1652 2398 bonis
1670 2362 1832 2410 operibus
1855 2362 1967 2396 malo-

1172 2426 1243 2449 rum
1253 2414 1451 2449 memoriam
1463 2412 1550 2460 apud
1561 2423 1595 2447 te
1606 2411 1802 2447 deleremus.
1830 2409 1966 2445 Postre-

1173 2462 1246 2502 mo,
1259 2474 1297 2497 vt
1307 2463 1346 2498 ad
1360 2461 1601 2501 sufficiendum,
1611 2460 1704 2508 quod
1717 2459 1818 2495 nobis
1831 2459 1964 2499 deesset,

1173 2510 1331 2546 sacrificia
1356 2508 1624 2558 expiatione'sque
1645 2508 1798 2543 solennes
1825 2507 1966 2543 addere-

1175 2573 1260 2596 mus.
1289 2563 1359 2594 Iam
1368 2561 1445 2607 quia
1456 2559 1587 2607 rigidus
1596 2555 1670 2592 effes
1682 2558 1781 2593 iudex
1790 2580 1800 2596 ‚
1822 2569 1860 2592 ac
1871 2554 1965 2591 seue-

1175 2622 1228 2645 rus
1236 2609 1552 2656 vindexiniquitatis
1565 2631 1575 2646 ‚
1598 2605 1819 2642 ostendebant
1829 2629 1840 2646 ,
1863 2605 1966 2653 quam

1176 2656 1412 2694 formidolosus
1431 2655 1494 2692 effe
1504 2656 1642 2691 deberet
1660 2666 1736 2690 tuus
1756 2654 1962 2702 conspeetu&

1176 2708 1259 2743 Ideo
1271 2706 1430 2742 iubebant
1442 2705 1481 2740 ad
1496 2706 1632 2740 Sanaos
1641 2704 1788 2753 primum
1800 2701 1968 2751 confuge-

1176 2769 1222 2796 re,
1233 2768 1269 2791 vt
1278 2768 1393 2791 eorum
1407 2752 1826 2794 interceffione,exorabilis
1835 2764 1871 2788 ac
1883 2764 1967 2800 pro..
1978 2780 1980 2783 .

1176 2807 1278 2854 pitius
1297 2804 1396 2840 nobis
1412 2803 1606 2838 reddereris.
1632 2803 1698 2838 His
1715 2800 1875 2837 omnibus
1888 2800 1971 2836 cum‘

1177 2865 1346 2902 vrcunque
1356 2850 1545 2901 perfunffims
1555 2851 1671 2892 essem,
1690 2849 1819 2886 tametsi
1837 2851 1966 2885 nonni-

1177 2904 1228 2939 hil
1244 2900 1540 2950 interquiescebarn
1562 2925 1572 2940 ‚
1593 2900 1711 2948 procul
1725 2910 1838 2935 tamen
1857 2897 1968 2933 adhuc

1178 2953 1307 2988 aberam
1331 2952 1350 2986 a
1375 2962 1459 2986 certa
1483 2948 1694 2984 conscientiae
1719 2947 1966 2994 tranquillitate.

1181 3002 1325 3048 Qoties
1343 3000 1433 3034 enim
1445 2999 1496 3033 vel
1509 3000 1542 3033 in
1554 3009 1612 3033 me
1627 2994 1863 3033 descendebam
1879 3019 1890 3036 ,
1913 2996 1967 3031 vel

1179 3054 1326 3086 animum
1338 3049 1377 3082 ad
1390 3059 1422 3082 te
1435 3047 1629 3082 attollebam
1640 3069 1651 3086 ‚
1665 3055 1827 3080 extremus
1845 3043 1976 3083 horror>

1181 3113 1235 3135 me
1247 3096 1420 3134 incessebat
1434 3122 1442 3136 ‚
1455 3098 1507 3131 cui
1517 3096 1604 3131 nulla
1615 3094 1738 3143 piacula
1748 3116 1757 3132 ,
1769 3093 1865 3127 nullae
1876 3092 1967 3128 satis-

1182 3147 1342 3184 faetiones
1355 3146 1480 3181 mederi
1491 3143 1647 3193 possent.'
1664 3145 1715 3178 Ac
1735 3140 1866 3188 quome
1886 3153 1969 3189 pro-

1183 3199 1255 3245 pius
1267 3194 1510 3232 considerabam
1519 3217 1530 3234 ‚
1546 3192 1587 3228 eo
1600 3190 1781 3227 acrioribus
1792 3190 1969 3238 pungebat...

1184 3258 1236 3281 tur
1245 3245 1364 3281 aculeis
1373 3241 1594 3278 conscientia:
1617 3251 1654 3276 vt
1672 3252 1740 3274 non
1754 3239 1844 3274 aliud
1862 3237 1969 3274 resta-¹

1183 3306 1234 3332 ret
1245 3293 1394 3331 solatium
1408 3315 1418 3334 ‚
1431 3292 1533 3340 quam
1545 3287 1713 3338 meipsum
1726 3287 1900 3371 obliuiong
1912 3288 1967 3321 lu.-

1899 3347 1962 3371 ere.
