2113 3674
72 1254 163 1292 Ephtfi

70 1304 125 1331 4-13

712 153 803 188 DE

205 228 261 251 eos
274 212 380 264 ipsos,
402 215 459 262 qui
479 212 508 248 se
517 212 667 260 expedire
678 211 719 245 ab
732 211 791 246 hac
805 214 992 246 tentatione

205 261 621 312 nequeunt,quotulqu1lq;
635 262 699 295 illic
712 260 807 294 bonae
819 261 991 295 conscien-

205 317 257 349 tiae
269 314 447 361 hospitium
460 312 619 345 concedat
631 324 638 344 ε
648 312 680 344 in
695 320 853 357 promptu
866 314 990 344 eritre—

204 363 442 411 sponsum,eam
453 361 568 408 procul
580 359 814 405 exulare.Q1id
828 371 909 406 ergo
922 362 988 394 mi·

203 414 311 447 ramur
323 411 402 444 illud
428 409 504 443 fidei
518 407 722 455 nviufragium
734 430 744 446 ‚
766 409 857 455 quod
872 409 986 443 Paulus

203 459 378 495 necessario
389 457 477 504 sequi
488 458 586 492 docet
597 461 612 489 ?
632 456 749 495 Porro,
761 457 782 490 li
794 468 859 490 tam
873 455 988 491 sedulo

202 509 409 544 reconditam
423 510 455 540 in
470 507 550 540 arcis
561 505 731 553 pecuniam
743 503 987 552 seruant,quot-

203 569 289 606 quot
299 559 411 604 aliquo
420 558 487 589 eius
496 568 608 589 amore
621 564 809 602 tanguntur:
826 555 985 600 quintillo

200 607 330 641 timoris
350 606 416 639 Dei
436 603 583 650 praeiidio
597 605 739 637 munitus
759 625 770 642 ,
787 603 874 636 vitro
897 601 927 636 se
950 604 985 637 in

198 655 340 704 praedam
353 654 502 700 exponit,
514 652 593 699 quid
605 649 817 686 excusitionis
827 651 981 690 obtedet,

199 704 222 739 si
236 703 358 739 coelesti
371 703 450 736 fidei
462 702 611 735 thel'auro
624 700 792 747 spoliatur?
806 700 985 735 Praesertim

198 766 300 801 quum
309 753 391 787 nihil
402 754 434 785 tfi
444 751 571 784 exitiile
582 749 642 784 else
657 751 849 784 nouerimus
859 773 869 788 ,
881 749 981 797 quim

198 804 271 838 istas
282 803 463 848 impiorum
473 799 663 834 tendiculas.
690 800 782 846 Neq·>
792 800 879 832 enim
891 798 983 846 quod

199 851 241 886 ab
253 852 315 886 illis
326 849 422 885 instat
436 849 628 896 periculum,
640 858 813 882 extenuare
824 849 859 881 in
868 848 982 882 animo

198 900 245 936 est
257 916 265 934 :
279 901 357 947 quin
369 900 479 946 potius
493 909 617 931 moneo
636 895 857 935 &tt-stificor‚
874 897 982 930 nullos

197 960 266 983 tam
279 947 338 984 effe
352 945 518 982 veneficos
540 945 724 994 serpentum
746 944 800 979 affl
812 957 883 979 sus.
910 947 983 980 Ves

198 998 272 1032 xiim
286 1022 296 1038 ,
315 997 355 1032 eo
368 997 471 1042 magis
483 995 522 1029 ad
543 995 727 1028 cauendum
739 1018 748 1033 ,
761 994 982 1041 vigilantrsac

197 1046 356 1081 sollicitos
375 1044 435 1079 elie
455 1056 521 1094 nos³
537 1042 686 1077 decebat.
717 1045 844 1078 Interea
862 1043 902 1076 ab
921 1041 982 1077 hac

197 1097 337 1143 quanuis
348 1090 496 1142 pestifera
507 1092 720 1138 contagione,
734 1092 898 1126 immunes
909 1089 982 1125 fore

198 1146 275 1180 dico
287 1145 477 1191 quicunque
489 1139 608 1174 solidas
618 1153 651 1173 in
662 1139 798 1175 Christo
809 1141 931 1174 radices
942 1152 980 1174 a-

197 1206 273 1241 gere
285 1205 352 1226 non
364 1189 674 1237 neglexerint.Neq·,
686 1189 765 1222 vero
777 1188 843 1222 hoc
855 1201 980 1228 meum,

197 1243 248 1276 sed
261 1242 351 1276 Pauli
363 1240 455 1273 dictu
466 1236 749 1272 estzCrescendum
759 1234 819 1271 else
831 1238 865 1270 in
877 1236 978 1271 Chri-

194 1290 233 1325 sti
246 1290 376 1325 notitia,
389 1288 494 1322 donec
503 1283 726 1320 adolescamus
737 1286 770 1319 in
785 1287 889 1319 virum
901 1298 979 1332 per-

193 1337 328 1374 feetum:
339 1349 379 1371 ne
394 1336 488 1370 limus
499 1335 638 1381 amplius
649 1333 787 1379 obnoxij
800 1334 979 1369 hominum

193 1387 417 1434 versutiae,qui
429 1396 489 1419 nos
500 1385 726 1419 circunuenire
740 1386 855 1418 te'tant.
873 1385 978 1418 Simul

67 1446 180 1471 κωκυ
192 1447 300 1472 tamen
312 1437 409 1470 altera
420 1434 509 1469 Pauli
519 1431 705 1466 exhortatio
714 1432 977 1480 audienda:qui-

68 1491 81 1519 3

59 2203 161 2234 filareh.

61 2251 133 2279 ¹3³4

193 1487 236 1521 do
249 1487 308 1520 hac
319 1485 391 1533 lege
404 1481 553 1530 desponsi
564 1481 668 1517 sumus
681 1482 767 1515 Filio
778 1482 860 1520 Dei,
874 1493 909 1515 vt
920 1483 977 1516 in-

192 1546 319 1583 tegram
331 1535 378 1568 illi
389 1530 547 1567 sei-nemus
565 1529 712 1577 coniugij
723 1529 824 1564 fidem
836 1553 846 1570 ‚
858 1530 892 1563 in
905 1532 976 1578 pri·

191 1588 255 1620 rnis'
267 1583 426 1618 canedum
437 1579 554 1619 esse‚ne
567 1579 628 1613 suis
638 1579 813 1613 lenociniis
823 1591 885 1612 nos
897 1591 975 1614 cor-

190 1643 321 1679 rumpat
331 1633 436 1666 sitan:
447 1642 522 1664 nam
535 1627 558 1662 si
569 1627 707 1675 aliquod
719 1629 784 1662 iam
795 1629 975 1675 impudici-

189 1683 243 1716 tiae
255 1681 383 1730 signum
396 1676 516 1714 dedisse
526 1678 667 1716 videtur,
677 1688 748 1724 quae
760 1677 891 1711 lenonis
902 1678 975 1712 ille-

190 1730 295 1765 cebris
308 1741 417 1764 aurem
429 1726 569 1776 prae'buit
582 1726 793 1773 mulierzparsi
804 1725 902 1760 castas
914 1725 975 1763 eise

187 1782 313 1814 animas
325 1788 458 1826 apparet
467 1801 476 1816 ,
491 1776 610 1824 quibus
620 1775 659 1810 ad
669 1774 796 1823 perfida
807 1774 974 1810 defeetio-

187 1840 265 1864 nem
277 1828 444 1862 sollicitari
455 1827 549 1861 dulce
559 1824 616 1859 est.

235 1878 320 1912 Non
329 1875 484 1911 absimilis
494 1874 540 1909 est
551 1885 698 1908 errorum
707 1873 863 1908 omnium
874 1873 972 1908 ratio.

186 1925 337 1962 Labascit
360 1927 542 1960 multorum
553 1923 653 1959 fides:
666 1924 719 1968 alij
731 1924 830 1957 etiam
844 1921 973 1969 prorsus

186 1975 228 2009 ab
241 1975 425 2023 Eu:1ngelio
436 1970 686 2019 desciscfit,quia
696 1973 814 2006 erroris
826 1971 972 2019 segetem

186 2022 247 2058 esse
257 2026 455 2058 coniiciunt.
467 2020 570 2067 Qasr
581 2022 662 2056 vero
672 2022 690 2056 a
703 2032 794 2055 terrae
803 2021 927 2054 cultura
940 2027 973 2056 &

185 2071 310 2107 satione
319 2071 491 2120 quisquam
503 2069 691 2110 abhorreat,
703 2072 780 2118 quia
792 2082 912 2117 purum
925 2068 973 2104 se-

185 2133 263 2157 men
275 2133 308 2155 in
319 2123 435 2156 lolium
447 2118 520 2168 sepe
530 2121 775 2167 degenerat.Ne
785 2131 883 2166 quem
895 2130 972 2166 per-

186 2170 316 2204 celleret
327 2172 372 2204 rei
383 2172 512 2204 nouitas
523 2192 533 2208 ‚
557 2170 733 2203 admonuit
743 2167 893 2203 Christus
905 2169 972 2204 hoc

186 2217 493 2253 futurum-Tametsi
506 2219 594 2252 enim
608 2218 795 2265 hypocritas
808 2218 874 2251 illic
883 2219 971 2251 ziza-

185 2268 249 2301 niis
262 2268 556 2314 comparat'‚tritic0
567 2278 662 2301 veros
671 2280 705 2301 ac
714 2278 891 2314 germanos
901 2268 971 2301 Dei

184 2316 273 2350 filios
288 2330 296 2348 z
309 2316 391 2350 hanc
402 2326 508 2349 tamen
531 2314 677 2349 vsitatam
690 2318 810 2350 Satanae
821 2314 969 2350 fraudem

185 2363 246 2400 esse
257 2364 630 2410 ostendit,corrurnperc
640 2363 888 2411 quibuscunque
904 2377 970 2412 po-

185 2413 246 2449 test
257 2414 366 2448 modis
383 2418 415 2449 ὅ(
433 2414 550 2447 vitiare
563 2412 693 2447 coeieste
704 2415 771 2447 Dei
784 2413 892 2447 semen
905 2436 915 2452 ‚
927 2425 969 2447 ne

185 2464 223 2497 ad
237 2461 363 2512 frugem
375 2462 670 2509 perueniat.Mund
677 2474 730 2495 um
744 2461 842 2496 instar
852 2461 969 2496 deserti

185 2516 217 2548 &
240 2513 358 2546 inculti
371 2513 440 2559 agri
459 2510 578 2546 scimus
597 2511 653 2545 diu
672 2508 800 2545 iacuisse
813 2510 968 2544 sterilem:

184 2573 274 2595 nunc
291 2561 463 2607 Euangelij
488 2559 675 2595 doctrinam
689 2559 863 2595 seminauit
876 2561 970 2594 Deus

184 2621 243 2658 per
254 2610 327 2644 suos
345 2609 521 2644 ministros.
543 2609 717 2648 Miramur,
730 2607 752 2643 s1
766 2611 859 2643 Satan
870 2607 969 2655 'quas-

185 2666 315 2706 cunque
326 2657 434 2706 potest
452 2656 598 2693 errorum
610 2659 809 2705 corruptelas
821 2656 968 2692 misceat?

183 2708 228 2742 Et
239 2719 310 2755 quae
318 2720 386 2741 non
399 2707 506 2742 statim
521 2707 538 2741 a
549 2709 657 2755 primo
668 2707 841 2755 Euangelij
850 2717 968 2742 exortu

184 2755 337 2791 falsorum
351 2756 970 2804 dogmatumplaustrainuexit?Omit-

182 2803 222 2840 'to
232 2806 437 2845 innumeram
458 2805 720 2840 multitudinem.
740 2807 802 2840 Sed
813 2805 969 2840 Valenti-

184 2855 242 2894 ni,
256 2855 426 2894 Montani,
438 2858 469 2890 δι
482 2854 741 2898 Manichaeorum
752 2855 876 2889 delitiis
886 2852 968 2902 quid

184 2904 290 2952 inagis
310 2900 636 2952 prodigiosumfingi
647 2904 756 2951 potest
770 2907 784 2938 ?
804 2903 967 2950 Perquam

184 2956 265 2987 vero
276 2952 452 2987 ridiculum
467 2950 524 2991 est,
538 2964 595 2986 eos
606 2954 662 3000 qui
676 2953 849 3002 Euangelij
860 2953 967 2987 lucem

183 3009 252 3035 tam
265 3001 370 3035 densis
380 3001 526 3035 tenebris
537 3004 583 3035 nfi
595 3000 685 3037 fuisse
696 3005 888 3042 extinctam,
899 3004 966 3037 rni-

183 3050 283 3084 raculi
295 3051 373 3084 loco
387 3051 529 3089 ducunt,
542 3052 610 3085 vim
624 3054 693 3086 eius
705 3063 818 3087 contra
829 3062 880 3085 tot
895 3063 966 3086 ma-

183 3097 299 3133 chinas
310 3098 428 3134 stetisse
439 3100 598 3134 inuifitzim
611 3112 684 3135 cum
694 3100 803 3148 plausu
815 3101 964 3141 audiunt,

183 3148 261 3195 quia
272 3160 359 3182 nunc
370 3160 505 3196 quoque
515 3149 681 3195 mendacij
691 3150 841 3185 tenebras
853 3148 966 3184 offun-

185 3198 241 3231 dat
250 3199 358 3236 Satan,
371 3197 543 3246 Euangelij
558 3198 717 3233 doetrinae
731 3198 874 3233 infensos
888 3199 966 3234 red-

185 3245 232 3280 di.
241 3245 468 3294 Verum‚'quia
480 3247 520 3282 ad
533 3245 621 3283 hunc
631 3246 767 3300 scopulsi
779 3249 877 3286 variis
888 3252 973 3299 mogi

871 155 1347 195 SCANDALIS.

1779 180 1835 215 ¹05

1045 217 1093 249 dis
1116 217 1313 265 impingitur
1323 242 1334 257 ,
1356 217 1501 254 breuiter
1518 222 1686 260 ostendam
1704 227 1828 263 nullam

1042 262 1102 298 else
1113 264 1305 301 offensionis
1316 266 1455 314 speciem
1469 293 1478 309 ,
1496 271 1530 303 in
1543 283 1606 318 qua
1627 286 1696 308 non
1711 274 1828 322 sponte

1041 315 1093 346 vel
1105 311 1253 349 socordia
1265 339 1274 354 ,
1294 319 1345 349 vel
1356 315 1434 350 alio*
1444 322 1581 366 proprio
1603 322 1688 356 vitio
1708 323 1827 373 singuli

1040 362 1218 396 incurrant.
1232 366 1301 410 Q
1310 364 1500 412 simpliciter
1510 380 1611 404 vnum
1625 370 1689 405 hoc
1698 373 1826 409 obten-

1039 410 1136 450 dunt,
1151 410 1248 465 sentias
1260 426 1298 446 ex
1306 414 1480 462 Euangelij
1491 417 1641 453 doctrina
1653 422 1823 468 pullulare,

1037 457 1073 493 hi
1083 471 1200 513 partim
1214 462 1476 511 qualemcunque
1494 478 1687 513 praetextum
1703 476 1824 519 captat.

1037 519 1157 554 partim
1169 510 1271 542 nimia
1290 511 1422 545 leuitate
1432 516 1508 548 mali
1530 515 1653 551 causam
1663 520 1696 552 in
1710 520 1822 555 Euan.-

1037 557 1160 603 gelium
1169 556 1475 607 transcribunt,quae
1484 564 1562 598 alibi
1574 565 1702 602 residet.
1717 569 1823 618 Qis-

1037 607 1110 651 quis
1123 608 1248 653 aperire
1261 609 1378 641 oculos
1391 611 1590 657 dignabitur,
1602 615 1823 666 Euangehmn

1035 654 1208 701 perspiciet
1223 667 1293 690 non
1305 657 1410 691 modo
1420 670 1533 704 puram
1543 675 1578 696 ac
1589 664 1749 710 liquidam
1761 666 1823 702 effe

1034 704 1103 738 Dei
1113 705 1301 744 veritatem,
1313 703 1366 740 sed
1377 708 1547 751 optimum
1560 711 1674 747 sancta:
1688 718 1823 751 vnitatis

1035 753 1218 787 vinculum.
1240 753 1374 788 Nuncli
1393 758 1510 791 contra
1524 760 1661 809 insurgit
1675 765 1823 804 S.itan,vt

1033 798 1118 835 hanc
1129 802 1235 836 lucem
1249 814 1397 837 errorum
1407 804 1535 839 nebulis
1548 808 1700 846 obscuret
1709 836 1720 851 ‚
1733 826 1769 847 ac
1781 825 1822 848 v-

1033 850 1173 901 nitatem
1189 852 1358 891 lacer-enin
1369 864 1468 899 quam
1482 857 1643 893 coalescrit
1654 861 1727 906 Filij
1739 863 1820 903 Dei,

1032 897 1180 934 osticium
1190 900 1246 933 ille
1256 900 1343 934 suum
1352 899 1441 936 facit.
1467 903 1523 938 Est
1536 908 1623 940 enim
1637 913 1668 944 δι
1681 912 1819 946 menda-

1033 948 1073 992 cij
1086 958 1188 995 pater,
1205 953 1238 984 δι
1250 948 1458 985 diffidiorum
1470 955 1622 989 omnium
1634 958 1755 994 author
1766 969 1820 995 at-

1031 1007 1097 1043 que
1108 996 1233 1031 artifex.
1258 998 1422 1033 Nostrum
1435 1012 1516 1048 ergo
1529 1014 1594 1038 erat
1607 1005 1647 1039 εὸ
1658 1008 1819 1044 intentius

1031 1045 1065 1078 in
1077 1047 1248 1092 quaerenda
1261 1049 1397 1082 veritate
1408 1049 1717 1091 laborare,inuetam
1732 1070 1816 1092 con-

1031 1092 1166 1129 stantius
1180 1097 1347 1142 amplecti.
1377 1099 1460 1132 Non
1476 1101 1580 1135 modo
1589 1101 1753 1140 abstinent
1765 1107 1818 1142 isti

1029 1141 1070 1176 ab
1078 1146 1174 1178 omni
1186 1143 1348 1180 eiusmodi
1361 1145 1472 1181 studio
1485 1171 1495 1189 ,
1507 1161 1542 1184 ac
1552 1149 1741 1200 refugiunt:
1763 1154 1818 1191 sed

1032 1190 1121 1226 hunc
1139 1191 1339 1228 defensionis
1358 1197 1506 1243 clypeum
1523 1211 1704 1247 opponunt
1725 1206 1818 1246 Deo,

1029 1252 1071 1274 ne
1079 1241 1219 1276 obedire
1228 1243 1296 1278 eius
1306 1244 1449 1291 imperio
1461 1250 1684 1296 cogaturiAlij
1696 1262 1819 1289 tamet-

1029 1288 1052 1323 si
1072 1291 1146 1325 data
1158 1303 1258 1339 opera
1279 1304 1348 1326 non
1361 1305 1509 1340 quaerunt
1531 1301 1707 1344 quomodo
1717 1314 1818 1349 repu-

1029 1338 1122 1374 dient
1134 1338 1241 1374 sanam
1251 1341 1451 1383 doctrinam,
1465 1357 1567 1391 quum
1580 1352 1668 1383 tame
1679 1351 1743 1384 leui
1754 1364 1817 1386 oc-

1028 1387 1167 1440 casionis
1179 1398 1253 1424 aura
1266 1391 1383 1437 perciti
1401 1392 1566 1433 resiliunt,
1588 1396 1673 1432 nihil
1693 1398 1817 1436 habent

1027 1436 1116 1471 rustae
1127 1438 1403 1475 excusationis.At
1416 1442 1497 1476 vero
1510 1454 1579 1479 non
1590 1445 1646 1479 abs
1659 1460 1691 1481 re
1703 1449 1814 1490 timet,

1027 1496 1070 1518 ne
1083 1485 1105 1520 si
1117 1487 1236 1522 incerti
1247 1488 1318 1535 quo
1330 1488 1452 1525 endum
1464 1491 1678 1530 sit‚flexibiles
1689 1495 1720 1530 se
1731 1510 1816 1544 prae-

1027 1531 1195 1574 beant‚sua
1205 1536 1266 1571 hac
1274 1535 1430 1574 facilitate
1441 1541 1655 1586 implicentur
1665 1557 1816 1583 errorum

1024 1581 1160 1636 laqueis.
1171 1586 1230 1621 Est
1244 1585 1310 1621 hoc
1321 1588 1457 1635 quidem
1470 1592 1663 1638 aliquidzsed
1676 1595 1743 1628 eius
1755 1607 1816 1642 pe-

1025 1633 1120 1667 nculi
1129 1635 1191 1669 alia
1201 1637 1319 1671 melior
1330 1647 1397 1671 erat
1408 1640 1708 1688 cautioznempewt
1720 1642 1750 1678 se
1762 1647 1815 1692 pia

1024 1680 1226 1724 humilitate,
1237 1685 1413 1726 modestia,
1427 1687 1812 1734 sobrietate‚reuerentia‚

1024 1730 1450 1783 DeosubiicerentNeque
1459 1738 1548 1772 enim
1561 1737 1674 1774 frustra
1684 1743 1815 1788 promi-

1024 1781 1063 1816 sit
1071 1781 1446 1831 Christus‚pulsantibus
1457 1786 1587 1822 ianuam
1599 1801 1747 1836 apertum
1761 1791 1812 1826 iri.
1827 1807 1928 1838 Mmb„

1024 1833 1098 1869 Nec
1121 1829 1233 1866 frustra
1249 1832 1362 1880 spiritu
1382 1835 1495 1881 iudicij
1515 1841 1546 1872 δι
1566 1837 1775 1875 discretionis
1794 1841 1812 1876 a
1827 1856 1872 1880 7.7

1023 1885 1119 1916 Patre
1131 1880 1273 1916 donatus
1286 1882 1344 1916 est.
1375 1884 1457 1918 Non
1471 1883 1582 1925 frustra
1595 1888 1694 1921 etiam
1706 1899 1764 1936 per
1773 1901 1812 1923 os

1022 1929 1110 1966 isaiae
1120 1932 1292 1976 promittit
1301 1933 1472 1967 Dominus
1485 1936 1705 1984 paedagogum
1717 1936 1748 1972 se
1756 1936 1811 1973 fo·
1824 1927 1879 1996 gas·
1889 1936 1933 1962 ⁵0³

1022 1991 1056 2015 re
1066 1980 1193 2028 populo
1204 1978 1273 2019 suo,
1284 1981 1342 2027 qui
1353 1981 1394 2015 ad
1406 1984 1570 2029 regendos
1581 1987 1649 2019 eius
1661 1987 1779 2033 gradus
1793 1987 1811 2022 ὲ

1022 2040 1119 2079 tergo
1131 2027 1248 2075 praesto
1259 2027 1309 2063 sit.
1330 2031 1490 2078 Denique
1500 2055 1511 2072 ,
1522 2045 1592 2066 non
1605 2032 1739 2069 fallendi
1749 2048 1812 2071 nec

1022 2077 1198 2114 frustrandi
1209 2077 1399 2119 causa,viam
1409 2080 1478 2127 vite
1491 2081 1590 2116 nobis
1601 2083 1742 2117 inverbo
1754 2084 1811 2119 suo

1022 2128 1199 2163 monstrari
1209 2128 1415 2174 pronuntiat.
1431 2130 1533 2164 Vnde
1541 2143 1676 2178 apparet
1687 2132 1811 2168 bonam

1021 2176 1201 2212 hominum
1220 2186 1344 2223 partem
1363 2176 1428 2211 hoc
1440 2178 1543 2225 ipsum
1564 2181 1740 2228 ingeniose
1749 2195 1809 2229 ap-

1020 2237 1144 2275 petere,
1162 2235 1197 2259 Vt
1209 2228 1412 2272 contemptis
1425 2228 1578 2264 remediis
1588 2252 1598 2266 ,
1607 2233 1641 2264 in
1651 2229 1708 2264 suo
1719 2233 1807 2266 malo

1020 2286 1162 2323 torpeat-¹

1067 2320 1172 2370 de
1182 2330 1291 2355 autem
1304 2323 1428 2357 multos
1439 2324 1552 2359 videm
1558 2337 1606 2365 us,
1629 2325 1693 2362 hot
1703 2329 1752 2363 vel
1764 2330 1806 2363 il-

1018 2374 1052 2407 10
1063 2383 1172 2408 errore
1184 2371 1334 2417 captos&
1343 2373 1429 2406 retffa
1439 2374 1491 2407 via
1501 2372 1806 2425 abduci,nunquam

1017 2422 1076 2456 nifi
1086 2422 1167 2457 iusta
1182 2419 1250 2453 Dei
1263 2419 1556 2461 vindictassccidit.
1569 2425 1716 2460 Primum
1729 2427 1808 2462 vere

1017 2470 1224 2518 Augustinus
1231 2466 1416 2515 superbiam
1426 2472 1576 2506 nominat
1587 2472 1751 2510 haereseon
1762 2489 1807 2510 0-

1017 2522 1148 2555 mnium
1160 2519 1417 2553 matremenullus
1432 2523 1523 2555 enirn
1536 2532 1681 2568 vnquam
1694 2526 1806 2560 extitit

1018 2570 1138 2604 erroris
1149 2567 1415 2616 magistenquem
1427 2581 1496 2603 non
1509 2581 1605 2616 praua
1615 2572 1759 2608 ambitio
1769 2576 1806 2610 in

1017 2616 1109 2652 suum
1123 2615 1343 2666 praecipitiurn
1362 2618 1525 2652 extulerit.
1553 2621 1677 2656 Scimus
1688 2621 1804 2659 Deum
1856 2651 1858 2653 -

1017 2668 1158 2714 paruulis
1167 2666 1273 2701 fidum
1285 2663 1346 2699 effe
1356 2667 1542 2701 doetorem.
1558 2670 1686 2706 Scimus
1698 2671 1805 2708 chri-

1016 2716 1102 2751 stum
1114 2715 1258 2750 humiles
1269 2726 1305 2748 ac
1318 2715 1506 2750 mansuetos
1515 2717 1554 2750 ad
1566 2717 1597 2752 se
1608 2729 1727 2756 vocare
1740 2744 1750 2761 ‚
1767 2718 1812 2757 vt‘

1016 2766 1074 2800 eos
1084 2764 1203 2800 habeat
1215 2761 1406 2809 discipulos.-
1419 2766 1564 2800 Proinde
1572 2768 1631 2815 qui
1641 2781 1801 2817 arrogan-

1016 2814 1062 2849 tia
1068 2823 1205 2862 turgent
1215 2836 1225 2852 ,
1236 2824 1293 2846 eos
1304 2825 1372 2846 non
1384 2813 1503 2848 mirum
1514 2815 1559 2850 est
1569 2816 1611 2850 ab
1624 2816 1682 2852 hac
1694 2817 1805 2855 schola

1016 2861 1125 2911 puisos
1139 2886 1148 2903 ‚
1161 2863 1252 2911 vagis
1263 2859 1326 2895 suis
1338 2859 1621 2908 speculationibus
1631 2865 1751 2902 sursum
1764 2881 1802 2904 ac

1016 2912 1170 2947 deorsum
1186 2911 1318 2959 raptari.
1349 2913 1535 2960 thuot
1555 2913 1616 2948 hac
1628 2916 1738 2951 nostra
1755 2925 1802 2950 2-

1016 2971 1082 2996 tate
1095 2961 1112 2996 ἃ
1122 2973 1199 3009 pura
1208 2961 1383 3007 Euangeli'j
1392 2961 1542 2996 doetrina
1553 2964 1694 3012 prolapsi
1705 2988 1716 3004 ,
1739 2963 1802 3000 fal-

1014 3008 1124 3046 sorum
1143 3010 1341 3059 dogmatum
1361 3013 1535 3059 ceepe'runt
1555 3010 1616 3046 esse
1634 3013 1803 3056 authoresfi

1015 3060 1217 3106 reperiemus
1232 3069 1350 3093 omnes
1369 3057 1528 3107 super-biae
1547 3061 1669 3096 morbo
1689 3075 1803 3099 corre-

1015 3113 1105 3155 ptos,
1116 3108 1242 3156 ingenij
1255 3111 1423 3143 tormenta
1435 3108 1495 3144 sib‘i
1503 3111 1615 3145 &aliis
1625 3109 1815 3149 fabricasse.-

1014 3160 1080 3192 Pro
1093 3158 1204 3192 multis
1220 3169 1322 3193 vnum
1343 3159 1631 3208 Seruetiexeplum
1651 3158 1800 3200 sufficiat.

1015 3208 1049 3241 Is
1059 3208 1149 3242 enirn
1164 3205 1356 3241 Lusitanico
1375 3205 1594 3242 fastuinfiatus
1608 3231 1618 3246 ,
1639 3211 1747 3258 tnagis
1763 3224 1803 3246 e-

1016 3253 1182 3294 namnum
1196 3257 1332 3304 propria
1345 3257 1537 3306 arrogantia·
1551 3262 1706 3304 turgens,
1716 3259 1803 3296 hane
