2113 3674
298 178 360 218 854

300 229 399 265 fuerit
409 225 515 261 homo
527 248 538 266 ,
558 223 630 259 satis
644 219 804 268 supe'rque
815 219 927 254 multis
939 217 1020 251 locis
1033 230 1089 251 ex-

304 276 413 326 posui.
439 274 538 310 Certe
551 285 618 307 non
628 272 746 305 melior
756 267 817 303 fuit
830 267 928 315 quam
941 266 1091 301 diabolus

305 337 480 373 antequam
495 322 573 358 asua
584 321 775 366 integritate
785 314 962 351 excidisset.
976 316 1090 353 Nunc,

304 377 327 411 si
340 387 404 410 tam
418 373 570 408 homines
584 370 683 416 quam
704 368 854 414 Angelos
875 363 1036 412 apostatas
1052 363 1091 397 ad

303 423 437 459 salutern
450 430 573 457 creatos
587 416 646 452 effe
656 417 719 451 tibi
730 416 908 450 concedam
918 438 928 454 ,
940 418 971 449 &
981 424 1092 452 tamen

306 471 421 507 futurae
434 467 630 504 defectionis
642 465 788 514 respee'ffl
799 488 808 504 ,
817 464 919 499 exitio
931 461 1022 497 fuisse
1033 462 1092 495 de-

306 521 445 557 stinatos
459 541 468 557 ,
485 517 565 563 quid
579 526 614 550 tu
625 515 704 550 iride
723 514 832 549 elicies
846 517 860 546 ἒ
883 512 984 547 Sciuit
1004 511 1092 545 enim

307 568 393 603 haud
406 566 506 601 dubie
518 568 611 601 Deus
629 564 710 611 quid
721 562 835 610 vtrisq3
847 560 990 597 futurum
1004 561 1092 597 esset,

307 622 339 654 δι
355 617 440 664 ‘quid
465 613 532 661 ipse
557 613 697 649 fatiturus
717 611 794 647 esset
804 636 812 651 ,
834 611 925 645 simul
935 608 1092 644 decreuit.

305 669 362 702 De
375 662 587 712 permissione
609 662 798 697 videbimus
819 661 927 708 postea
939 657 994 693 suo
1005 658 1093 691 loco.

306 717 410 750 Nunc
420 713 440 747 si
452 712 536 748 mihi
547 709 937 758 excipias‚Praescientiam
946 706 1014 742 Dei
1024 716 1093 739 non

310 762 370 799 esse
381 763 543 797 malorum
555 761 678 796 causam
691 784 699 799 ‚
714 758 844 794 tantum
862 757 919 792 abs
928 767 960 790 te
969 765 1093 802 quaero,

309 815 342 848 Si
361 814 453 846 Deus
475 822 539 846 tarn
559 809 685 844 diaboli
701 808 802 856 quam
821 806 965 841 hominis
977 803 1095 837 interi-

306 873 377 897 tum
389 861 539 908 praeuidit
551 869 727 905 antequam
739 869 795 891 eos
810 865 931 890 crearet
940 877 949 893 ,
961 864 1015 887 cur
1025 863 1094 885 non

304 909 441 946 <mature
451 907 638 944 adhibuerit
650 906 832 941 remedium
846 928 856 943 ,
869 917 909 938 ne
921 904 959 938 ad
970 899 1094 948 lapsum

310 961 357 995 ita
368 958 468 993 essent
478 957 665 1005 procliues?
686 955 802 990 Statim
821 953 862 988 ab
878 953 975 987 initio
995 961 1094 984 inun-

312 1009 348 1043 di
361 1007 512 1043 diabolus
526 1006 554 1041 se
566 1005 582 1040 ὲ
594 1004 647 1052 spe
658 1003 767 1038 salutis
785 1002 937 1037 alienauit
958 1013 966 1034 :
988 998 1095 1033 homo

311 1057 504 1103 simulatque
521 1055 674 1090 conditus
696 1051 742 1087 est
751 1075 761 1093 ,
780 1050 810 1087 se
828 1056 859 1087 &
880 1051 952 1084 suos
973 1047 1096 1082 exitiali

310 1108 405 1142 ruina
416 1104 579 1153 perdidit:
597 1102 618 1137 si
629 1104 662 1137 in
674 1102 742 1136 Dei
756 1114 853 1135 manu
864 1111 974 1133 eorum
987 1095 1097 1144 perse-

309 1155 457 1190 uerantia
465 1164 602 1193 erat‚cur
611 1163 703 1186 ruere
711 1149 812 1197 passus
821 1147 951 1183 estffimb
961 1158 1016 1181 cur
1025 1157 1097 1180 nori

309 1204 473 1240 mediocri
484 1200 595 1237 saltem
609 1200 789 1235 constantia
800 1208 962 1243 vtrunque
973 1194 1097 1229 instru-

308 1254 357 1288 xit
370 1255 383 1286 ?
395 1252 449 1286 Ad
464 1248 839 1298 quoscunquecircuitus
850 1257 881 1280 te
892 1255 997 1279 vertas
1007 1266 1017 1283 ,
1030 1243 1097 1277 hoc

308 1301 510 1349 principium
524 1298 666 1338 tenebo,
679 1297 831 1343 Qanuis
842 1294 1002 1333 infirmus,
1012 1297 1044 1329 δι
1055 1292 1097 1327 ad

309 1348 533 1385 defeCfionern
545 1347 697 1382 flexibilis
718 1355 841 1380 creatus
860 1341 956 1378 fuerit
974 1341 1095 1382 homo,

307 1396 392 1434 hanc
406 1397 612 1434 debilitatem
625 1394 716 1431 fuisse
738 1391 833 1428 valde
850 1392 973 1427 bonam
988 1414 999 1431 ‚
1019 1391 1097 1438 quia

310 1447 412 1496 paulo
425 1446 498 1495 post
511 1446 626 1481 docuit
639 1445 708 1479 eius
719 1443 910 1481 ruina‚extra
918 1442 1031 1476 Deum
1041 1440 1096 1475 ni—

308 1497 358 1532 hil
370 1495 501 1533 firmum
515 1494 643 1534 esse,vel
655 1491 779 1528 stabile.
789 1491 890 1527 Vnde
902 1491 998 1524 etiam
1010 1501 1095 1523 con-

308 1546 434 1585 ficitur,
446 1545 536 1593 quod
548 1545 590 1578 de
601 1540 795 1577 hominibus
804 1538 991 1574 adsalutem
1005 1550 1095 1573 crea·

304 1597 349 1630 xis
361 1592 635 1641 garris,mutilum'
644 1589 703 1626 effe
713 1587 993 1627 &inconsiderate
1004 1587 1094 1635 posi-

305 1644 484 1679 tum.Nam
498 1653 533 1677 vt
543 1639 644 1676 fatear
654 1639 737 1674 nihil
747 1639 780 1672 in
795 1637 934 1673 homine
945 1636 1035 1672 fuifl‘e
1047 1636 1097 1672 sa-

305 1693 366 1728 luti
381 1688 708 1737 contrarium,probo
719 1686 876 1722 omnibus
888 1686 1022 1722 salutem
1035 1698 1097 1720 oc-

308 1741 401 1777 culto
413 1741 481 1776 Dei
493 1739 634 1775 consilio
646 1736 736 1773 fuiffe
746 1735 1096 1786 predestinatam-Bre-

311 1791 397 1826 uite-r
420 1789 507 1824 idem
527 1800 668 1836 repetam
686 1787 755 1821 aliis
774 1785 904 1834 verbis,
925 1786 958 1821 Si
975 1795 1097 1819 naturae

308 1837 476 1887 {pestetur
500 1837 670 1885 integritas
692 1848 755 1884 qua
776 1836 918 1871 donatus
934 1835 970 1870 in
990 1834 1098 1882 prima

310 1888 488 1923 creatione.
497 1885 559 1922 fuit
575 1886 685 1920 Adam
699 1908 710 1924 ‚
733 1884 774 1919 ad
796 1883 929 1918 salutem
952 1894 1097 1918 creatum

308 1936 404 1975 fuisse
414 1959 424 1975 ‚
436 1937 512 1983 quia
525 1935 614 1970 nulla
625 1935 690 1968 illic
703 1935 880 1979 reperietur
892 1933 1009 1967 mortis
1019 1944 1098 1967 cau-

308 1986 340 2021 sa
358 1999 367 2020 :
387 1985 407 2020 si
421 1986 461 2019 de
474 1984 607 2019 occulta,
623 1982 911 2029 praedestinatione
928 1981 1098 2028 quaeritur,

309 2046 484 2082 occurrere
495 2032 692 2081 profundam
706 2031 793 2064 ill-arn
804 2029 947 2076 abyssum
958 2052 968 2068 ,
980 2041 1051 2076 quae
1062 2031 1096 2064 in

309 2082 568 2119 admirationem
579 2092 693 2127 rapere
704 2090 765 2113 nos
776 2077 888 2113 debet.
899 2078 975 2112 Imo
987 2077 1009 2112 si
1022 2089 1097 2113 tan-

311 2132 386 2175 tillo
401 2132 533 2178 pietatis
553 2131 644 2178 gustu
664 2127 812 2162 imbutus
830 2125 928 2165 ess'es,
947 2125 1041 2161 facile
1056 2140 1096 2161 :i-

308 2179 480 2229 gnosceres
492 2192 560 2214 non
571 2178 631 2214 effe
641 2177 705 2211 hoc
716 2174 929 2223 perfeetionis
938 2175 1096 2223 elogium:

308 2229 371 2265 acsi
394 2229 621 2277 pronuntiaret
641 2227 781 2273 Spiritus
798 2224 923 2260 [instas
944 2224 1029 2259 nihil
1039 2237 1096 2258 ex-

310 2279 468 2314 cellentiae
489 2275 592 2312 deesse
615 2276 686 2309 vllis
717 2275 869 2309 creaturis
881 2297 892 2314 ‚
902 2272 961 2308 »sed
983 2273 1095 2320 potius

309 2327 397 2366 tibi,
415 2339 449 2361 ac
470 2327 517 2360 tui
530 2324 689 2360 similibus
700 2322 1094 2370 obstrependirnateriam

309 2376 388 2410 tolli
407 2389 416 2410 ε
438 2376 514 2422 quia
534 2385 701 2421 vtcunque
714 2373 842 2420 negetis
861 2370 990 2406 bonum
1003 2369 1096 2406 fuiffe

309 2425 408 2459 creari
422 2423 595 2458 hominem
607 2422 666 2457 hac
674 2422 760 2468 lege,
773 2432 808 2456 vt
819 2418 875 2454 suo
885 2418 972 2467 lapsu
984 2430 1094 2455 totum

310 2474 474 2508 mundum
494 2472 601 2508 statim
623 2480 851 2517 corrumperet
866 2492 877 2508 ,
899 2469 1095 2516 pronuntiat

308 2533 420 2556 tamen
442 2523 534 2556 Deus
556 2520 639 2555 hanc
667 2519 830 2554 rationem
851 2517 912 2552 sibi
932 2511 1094 2565 placuisse,

309 2567 453 2615 ideoque
463 2569 521 2604 effe
533 2567 754 2604 rectissimam.
767 2566 849 2614 Qo
862 2565 979 2601 melius
991 2565 1094 2601 intel-

310 2618 390 2665 ligas
400 2618 501 2653 Mosis
524 2618 646 2653 sensum
659 2640 671 2656 ,
693 2628 763 2650 non
791 2615 895 2650 afferit
917 2615 1029 2663 quarn·
1039 2616 1090 2650 iu·-

309 2665 375 2701 stus
385 2667 571 2714 velinteger
582 2665 680 2701 fuerit
691 2664 797 2700 homo
807 2688 819 2705 ‚
842 2662 894 2699 sed
912 2675 948 2699 vt
960 2665 1093 2711 latratus

310 2715 434 2749 vestros
454 2714 636 2762 compescar
652 2738 663 2754 ,
693 2714 792 2748 docet
821 2713 974 2748 ordinem
997 2714 1092 2749 illurn

309 2762 352 2797 sic
364 2773 579 2809 temperatum
589 2764 607 2799 Ξι
618 2766 696 2799 Deo
706 2761 798 2797 fuiffe
809 2784 820 2801 ,
831 2772 865 2795 vt
875 2762 957 2796 nihil
971 2763 1091 2798 refflus

310 2811 394 2858 fingi
405 2823 511 2857 queat.
542 2815 656 2860 Itaque
666 2824 769 2860 quum
782 2811 822 2845 de
832 2809 963 2857 singulis
973 2813 1092 2847 Deio-

310 2859 442 2907 peribus
457 2864 648 2906 pronuntiet
658 2885 669 2901 ‚
691 2863 802 2896 Deum
815 2859 929 2894 vidiffe
938 2860 1029 2907 quod
1041 2859 1091 2895 fe-

310 2919 410 2947 cerat,
424 2913 456 2944 &
468 2911 578 2944 omnia
590 2909 678 2945 fuisse
688 2909 777 2945 bona
787 2931 798 2946 ⁵
809 2907 850 2942 de
861 2907 997 2943 homine
1007 2909 1091 2945 nihil

309 2958 372 2993 tale
382 2957 561 3004 specialiter
571 2957 719 2994 affirmat:
729 2956 780 2993 sed
792 2966 916 2993 narrata
925 2958 992 2992 eius
1000 2971 1091 2994 crea-

310 3002 414 3044 tione,
425 3005 552 3040 tantum
565 3008 597 3041 in
609 3021 727 3055 genere
736 3006 881 3045 subiicit,
889 3017 1091 3055 quaecunque

308 3055 432 3091 fecerat
442 3056 548 3093 Deus,
560 3054 649 3090 fuisse
660 3057 754 3091 valde
764 3055 864 3090 bona:
875 3054 931 3088 sub
946 3067 1012 3102 quo
1024 3059 1089 3091 mi-

308 3103 402 3140 nime
421 3103 559 3138 dubium
580 3103 624 3138 est
641 3103 879 3153 comprehendi
890 3105 980 3150 quod
992 3106 1090 3141 docet

308 3153 448 3188 Solomo
462 3176 472 3190 ,
499 3152 621 3199 impios
631 3151 718 3188 fuisse
729 3163 856 3188 creatos
867 3153 906 3188 ad
921 3152 1007 3187 diem
1018 3167 1089 3189 ma-

307 3202 392 3237 lum.
412 3204 563 3236 *Summa
594 3201 633 3235 sit
644 3225 653 3239 ,
674 3204 811 3247 quanuis
846 3211 957 3237 natura
983 3201 1090 3237 bonus

309 3250 407 3288 suerit
415 3249 520 3286 horno
533 3273 544 3293 ‚
562 3249 885 3288 hancne-'titudinem
894 3273 905 3292 ,
925 3262 996 3299 quae
1006 3249 1090 3287 fluxa

1607 82 1627 113 ἐκ

768 160 859 196 DE
910 156 1288 193 OCCVLTA
1340 157 1477 192 DEI

1140 222 1171 252 &
1186 215 1305 251 caduca
1317 227 1474 255 erat,cum
1486 214 1552 251 Dei
1565 215 1849 263 praedestinatione
1857 230 1926 253 non

1139 277 1285 314 pugnare
1296 287 1306 304 ,
1328 277 1391 311 qua
1403 263 1523 300 factum
1535 266 1579 300 est
1591 276 1627 300 vt
1637 266 1688 301 sua
1699 268 1792 313 culpa
1806 268 1928 314 periret

1137 318 1199 362 qui
1212 325 1297 360 purae
1311 325 1448 354 naturae,
1471 314 1542 349 imo
1555 315 1622 353 eius
1642 328 1704 362 qua
1717 327 1850 349 ornatus
1860 326 1927 350 erat

1141 362 1328 410 praessantiae
1340 363 1478 403 intuitu,
1489 363 1526 397 ad
1539 360 1671 398 salutem
1683 375 1805 399 creatus
1817 367 1928 410 eratzi-

1141 411 1273 458 deoque
1285 423 1452 458 perperam
1465 417 1496 448 &
1508 411 1604 446 stulte
1622 411 1721 448 infers
1736 411 1827 448 fuisse
1838 425 1929 448 crea-

1141 471 1210 495 tum
1221 471 1256 495 vt
1269 460 1379 495 bonus
1391 462 1510 508 periret
1522 460 1537 501 ‚⁷
1552 472 1653 508 quum
1669 461 1720 496 sua
1734 462 1930 497 infirmitate

1140 508 1290 547 cecidisse
1304 508 1410 557 palaim
1418 509 1459 549 sit
1469 533 1479 550 ‚
1492 521 1527 543 vr
1538 522 1607 544 non
1619 509 1678 544 nisi
1690 511 1778 546 iustae
1790 512 1930 546 damna-

1142 559 1230 592 tioni
1248 558 1416 594 obnoxius
1435 559 1568 606 periret.
1605 559 1712 593 Pon-‹⁸›
1740 572 1776 595 vt
1795 561 1880 594 inter
1899 558 1930 594 se

1143 608 1212 642 duo
1227 606 1293 642 haec
1304 609 1504 643 conueniant
1514 631 1525 647 ,
1541 607 1640 654 paulo
1662 607 1736 655 post
1748 609 1864 642 clarius
1876 611 1930 644 vi-

1142 655 1307 694 debimus.
1321 656 1456 692 Obiicis
1473 658 1586 692 Deum
1599 658 1688 691 nolle
1698 667 1839 692 mortem
1851 669 1931 704 pec-

1141 707 1273 743 catoris.
1281 707 1343 741 Sed
1351 705 1485 741 attende
1496 706 1578 753 quid
1590 705 1740 752 sequatur
1748 707 1834 753 apud
1846 709 1932 751 Pro-

1141 753 1412 803 phetam,nempe
1421 756 1497 802 quia
1507 767 1622 789 omnes
1632 756 1672 791 ad
1682 753 1935 802 resipiscentiam

1141 806 1275 840 inuitet.
1294 806 1386 853 Ergo
1395 803 1556 839 omnibus
1567 804 1624 851 qui
1637 806 1670 838 in
1681 805 1768 839 viam
1779 803 1932 845 redeunt,

1143 851 1279 888 offertur
1289 856 1396 888 venia.
1424 855 1526 888 Nunc
1537 853 1719 888 videndum
1732 852 1778 888 est
1788 866 1829 888 an
1842 854 1877 888 in
1888 854 1934 888 li-

1141 900 1226 936 bero
1245 902 1400 949 cuiusque
1416 902 1555 937 arbitrio
1571 902 1676 949 posita
1698 901 1736 937 sit
1758 902 1933 943 conuersi‘o

1142 962 1242 1000 quam
1253 953 1391 998 requirit
1400 953 1547 990 Deuszan
1558 951 1638 986 vero
1648 951 1810 999 singulare
1818 950 1856 986 sit
1865 952 1935 994 eius

1143 1002 1284 1034 donum.
1306 1002 1478 1042 Quatenus
1489 1012 1570 1047 ergo
1581 1012 1698 1040 ornnes
1710 1000 1750 1034 ad
1761 1002 1936 1048 poenitenr-
1982 1039 1984 1042 ,

1144 1048 1224 1082 tiam
1235 1046 1414 1090 hortatur,
1425 1050 1547 1097 merito
1561 1060 1658 1097 negat
1671 1050 1837 1096 Propheta
1848 1051 1934 1086 velle

1144 1106 1288 1132 mortem
1302 1099 1498 1145 peccatoris.
1528 1099 1598 1132 Cur
1614 1108 1724 1132 autem
1735 1110 1804 1132 non
1814 1111 1934 1134 omnes

1143 1147 1312 1193 aequaliter
1322 1148 1362 1181 ad
1375 1146 1406 1181 se
1427 1157 1621 1189 conuertere,
1634 1158 1739 1194 ,penes
1755 1145 1862 1194 ipsum
1873 1147 1937 1182 ab·-

1143 1193 1293 1230 scondita
1303 1197 1345 1231 est
1355 1195 1564 1239 ratio.Quod
1575 1196 1675 1230 citare
1684 1196 1793 1231 soletis
1804 1209 1840 1231 ex
1849 1200 1938 1232 Pau·

1143 1243 1192 1282 lo,
1201 1245 1315 1279 Deum
1327 1257 1447 1280 ornnes
1457 1245 1541 1279 velle
1551 1244 1653 1280 saluos
1665 1244 1736 1279 fieri
1745 1267 1755 1284 ,
1767 1245 1867 1293 quam
1879 1247 1939 1284 ni.-

1145 1291 1193 1326 hil
1205 1294 1308 1327 errori
1320 1293 1429 1328 vestro
1441 1292 1726 1342 suffragetur‚alibi
1739 1294 1873 1341 planum
1882 1293 1937 1330 fe-

1144 1339 1218 1376 cisse
1227 1341 1311 1377 mihi
1323 1343 1543 1378 videor.Nam
1554 1354 1646 1379 certo
1656 1343 1777 1378 certius
1788 1342 1936 1382 est,Pau-

1143 1390 1216 1431 lum
1233 1391 1299 1426 illic
1318 1404 1389 1426 non
1410 1393 1452 1431 de
1467 1391 1603 1440 singulis
1621 1391 1935 1441 hominibusagere,

1143 1438 1397 1489 sedintelligere
1408 1441 1565 1483 ordines,
1587 1445 1621 1479 &
1637 1454 1758 1489 genera
1778 1443 1936 1483 vocatio-

1143 1488 1373 1524 num.Iusserat
1384 1502 1444 1537 pro
1454 1488 1753 1538 Regibus.aliisque
1761 1487 1934 1539 pmfmstis,

1143 1542 1176 1574 &
1185 1539 1375 1586 quicunque
1387 1538 1611 1587 magistratum
1623 1539 1803 1588 gerebant,
1822 1550 1937 1587 preces

1144 1589 1291 1635 concipi.
1320 1589 1412 1630 Quia
1422 1599 1594 1636 quotquot
1607 1600 1686 1624 tunc
1694 1589 1807 1637 gladio
1817 1586 1936 1635 armati

1144 1647 1235 1671 erant
1246 1637 1389 1672 totidem
1401 1635 1533 1685 profeffi
1546 1649 1636 1672 crant
1646 1636 1798 1674 Ecclefiae
1810 1637 1937 1682 hostes,

1144 1683 1321 1732 absurdum
1341 1686 1448 1727 videri
1467 1697 1597 1734 poterat
1615 1686 1794 1722 Ecclesiam
1808 1688 1935 1736 precari

1144 1744 1206 1783 pro·
1217 1747 1333 1770 eorum
1350 1734 1462 1771 salute.
1499 1736 1617 1771 Paulus
1637 1746 1674 1770 vt
1689 1729 1934 1773 offendiculum
1981 1751 1984 1755 ’

1145 1786 1323 1832 praeueni.1t
1333 1808 1343 1824 ,
1354 1785 1423 1820 Dei
1432 1785 1620 1833 gratiamad
1631 1783 1718 1833 ipsos
1729 1798 1866 1835 quoque
1875 1795 1935 1822 ex-

1145 1833 1268 1869 tendit.
1289 1835 1365 1869 Plus
1377 1832 1464 1869 forte
1474 1835 1594 1869 coloris
1606 1836 1648 1869 est
1665 1835 1801 1879 inRetri
1810 1835 1934 1875 verbis,

1144 1883 1259 1918 Deum
1270 1884 1441 1918 nemin'em
1450 1883 1535 1918 velle
1543 1884 1650 1930 perire
1660 1906 1672 1923 ‚
1683 1882 1736 1923 sed
1748 1895 1867 1919 ornnes
1878 1896 1935 1923 re,-

1147 1933 1255 1979 cipere
1273 1932 1312 1966 ad
1333 1932 1566 1979 poenitentiam
1585 1944 1594 1965 :
1622 1931 1739 1965 verum
1768 1929 1876 1978 siquid
1896 1933 1934 1970 in

1145 1977 1256 2029 priore
1268 1980 1421 2016 membro
1432 1979 1628 2027 ambiguum
1640 1990 1706 2015 erat
1714 2003 1725 2020 ‚
1736 1981 1934 2027 explicatio-

1145 2042 1187 2064 ne
1197 2042 1275 2067 mox
1285 2029 1397 2064 addita
1406 2028 1569 2076 liquescit.
1592 2027 1674 2062 Sane
1685 2038 1847 2075 quatenus
1860 2029 1933 2064 vult
1966 2064 1968 2067 ,

1144 2079 1239 2114 Deus
1248 2079 1394 2124 recipere
1404 2089 1522 2113 omnes
1536 2076 1576 2110 ad
1594 2077 1827 2123 poenitentiam
1837 2100 1849 2118 ,
1869 2090 1933 2113 ne-

1144 2128 1269 2162 minem
1283 2127 1353 2160 vuIt
1363 2124 1534 2173 perii-eised
1547 2136 1583 2159 vt
1590 2125 1809 2172 recipiantur,
1818 2127 1933 2162 venire

1144 2174 1269 2210 neceffe
1281 2174 1338 2210 est.
1367 2174 1542 2209 Praeueniri
1562 2184 1670 2208 autem
1689 2172 1795 2219 &Deo
1805 2174 1933 2224 vbique

1144 2224 1263 2259 clamat
1274 2224 1412 2271 Spiritus
1422 2245 1431 2262 ‚
1443 2222 1500 2269 qui
1510 2222 1618 2256 donec
1630 2221 1932 2263 trahantur‚.carnis

1143 2271 1204 2307 suae
1215 2273 1430 2308 contumaciae
1447 2271 1571 2305 addicti
1588 2282 1736 2306 manent.
1758 2274 1792 2308 Si
1803 2272 1866 2308 tibi
1878 2274 1932 2308 vel

1144 2322 1319 2356 minimum
1328 2320 1459 2355 restaret
1469 2320 1595 2364 iudicii,
1607 2332 1646 2354 an
1657 2322 1704 2355 nc>
1712 2320 1931 2370 cognosceres

1143 2371 1280 2418 longum
1291 2368 1351 2404 esse
1361 2368 1532 2403 discrimen
1542 2371 1627 2404 inter
1635 2367 1704 2405 haec
1713 2370 1781 2405 duo
1799 2384 1807 2405 z
1829 2370 1931 2407 corda

1143 2418 1321 2452 hominum
1333 2431 1370 2452 ex
1379 2417 1516 2465 lapideis
1527 2416 1638 2452 carnea
1649 2417 1742 2459 fieri,
1761 2430 1797 2455 vt
1806 2418 1867 2454 sibi
1876 2420 1932 2455 di-

1143 2467 1316 2515 spliceant,
1335 2480 1371 2502 ac
1381 2468 1511 2502 veniam
1529 2464 1689 2514 supplices
1700 2467 1929 2516 deprecentur?

1143 2517 1263 2552 deinde
1271 2514 1384 2550 ‘vbiita
1394 2516 1511 2557 mutati
1521 2513 1710 2564 sunt‚recipi
1720 2519 1932 2565 gratiam-v-

1142 2576 1283 2613 trunque
1295 2562 1339 2599 sui
1350 2564 1506 2609 beneficii
1518 2565 1611 2599 Deus
1622 2563 1683 2600 esse
1694 2561 1858 2613 pragdicat,
1867 2562 1928 2601 da*-

1140 2627 1175 2650 re
1185 2627 1243 2650 cor
1254 2626 1380 2649 nouum
1393 2624 1429 2648 vt
1439 2612 1671 2659 resipiscamus,
1679 2618 1714 2651 δι
1725 2613 1928 2662 supplicibus

1142 2665 1320 2699 clementer
1331 2661 1510 2711 ignoscere.
1539 2661 1615 2698 Nisi
1634 2663 1780 2711 recipere
1796 2675 1927 2712 paratus

1141 2711 1217 2748 effet
1227 2714 1322 2748 Deus
1339 2712 1404 2759 qui,
1417 2713 1485 2747 eius
1497 2709 1756 2747 misericordiam
1767 2712 1845 2748 vere.
1856 2713 1929 2748 im-¹

1139 2763 1356 2810 plorant‚non
1367 2760 1760 2802 diceret5C0nuertimini
1771 2761 1810 2796 ad
1823 2766 1927 2802 me,&

1140 2824 1204 2859 ego
1215 2821 1389 2847 conuertar
1398 2810 1437 2851 ad
1451 2822 1522 2851 vos.
1548 2809 1684 2846 'Verum
1697 2809 1719 2845 si
1731 2811 1765 2845 in
1776 2810 1927 2846 hominis

1138 2860 1276 2895 arbitrio
1289 2858 1363 2895 esset
1373 2859 1652 2907 poenitentia‚non
1666 2859 1788 2900 diceret
1795 2860 1926 2901 Paulus,

1139 2910 1172 2944 Si
1188 2908 1275 2944 forte
1295 2909 1350 2944 det
1370 2910 1434 2944 illis
1452 2910 1544 2944 Deus
1566 2908 1816 2955 poenitentiam.
1843 2907 1923 2944 Ιιηὸ

1138 2958 1198 2994 nisi
1211 2958 1266 2994 ide
1275 2959 1369 2993 Deus
1381 2959 1438 3005 qui
1447 2957 1487 2993 ad
1509 2958 1719 3005 poenitetiarn
1728 2968 1924 2993 omnesve-.-

1138 3020 1176 3043 ce
1186 3006 1530 3047 suahortatur,arcano
1541 3007 1682 3054 Spiritus
1693 3018 1787 3051 motu
1798 3005 1923 3042 eleetos

1137 3057 1326 3096 adduceret,
1339 3069 1408 3091 non
1421 3056 1543 3091 diceret
1554 3056 1736 3097 Ieremias,v
1747 3055 1922 3093 Conuerte

1137 3118 1188 3140 me
1197 3105 1394 3145 Domine‚&
1402 3104 1643 3141 conuertarzvbi
1653 3105 1739 3139 enim
1750 3105 1922 3140 conuerti-

1136 3153 1176 3189 sti
1187 3155 1307 3202 rne‚egi
1318 3155 1564 3202 paenitentiam.
1590 3155 1671 3193 Haec
1680 3152 1840 3192 soluti0,fi
1851 3164 1920 3201 qua.

1137 3205 1171 3238 in
1183 3215 1261 3238 cane
1272 3203 1467 3239 verecundia
1477 3201 1564 3243 esset,
1575 3201 1638 3238 tibi
1647 3213 1685 3236 ex
1696 3202 1777 3236 meis
1788 3200 1931 3250 scriptis,

1137 3253 1246 3289 decies
1264 3263 1344 3301 nora
1353 3250 1414 3294 effe
1424 3252 1598 3290 debuerat.
1610 3274 1611 3278 ,
1621 3250 1684 3286 Sed
1702 3261 1738 3286 vt
1749 3251 1813 3288 tibi
1820 3252 1930 3287 liceat-

1851 3311 1926 3335 eam
