2113 3674
318 207 373 250 15'6

311 266 466 302 hucinde
476 266 639 314 perpetuo
662 263 812 298 cursitare
826 260 1003 310 cogamur:
1024 263 1106 299 ficut

310 319 368 364 qui
385 318 482 350 variis
506 321 538 352 &
559 312 706 360 operosis
727 310 915 347 ministeriis
939 312 1105 353 destinati,

310 365 434 413 quibus
446 365 539 399 simul
553 362 720 396 obeundis
740 373 949 408 nequaquam
967 361 1029 395 sint
1048 374 1105 408 pa-

309 415 460 453 re5,dum
474 412 592 446 eodem
605 422 782 444 momento
795 411 944 457 vnd1que
958 414 1105 459 vrgfirur,

309 462 470 510 quorsum
484 460 513 503 se
526 470 653 494 vertere
666 459 810 493 debeant
820 488 830 504 ,
847 471 910 506 prae
921 458 1107 494 lassitudine

310 512 607 547 nesciunt.1nterea
623 510 815 556 quicunque
827 522 864 543 ex
877 508 1027 543 hostibus
1045 521 1107 542 nos

309 560 446 609 aggredi
467 558 644 593 instituunt
660 581 670 597 ‚
689 557 729 592 ab
748 558 818 592 aliis
837 557 996 592 omnibus
1023 558 1107 591 curis

309 610 455 644 solutiac
468 609 562 642 vacui
575 609 607 641 in
619 609 681 641 alta·
701 619 779 654 pace
793 630 803 646 ,
825 607 935 654 quoad
955 606 1105 645 libuerit,

309 659 348 693 ad
361 657 587 692 instruendum
605 647 686 690 belli
698 668 885 704 apparatum
910 654 1107 689 suntinten-

309 708 334 741 ti
351 731 359 746 ,
371 712 403 742 &
425 706 629 754 colligendas
652 709 763 753 copias
780 728 790 744 ‚
813 717 894 752 quas
909 704 1030 738 deinde
1050 716 1108 751 per

310 755 400 790 suam
412 757 702 803 opportunitatem
714 755 747 788 iu
761 766 822 787 nos
836 755 977 788 emittat.
993 752 1014 786 {i
1025 753 1106 800 quid

309 803 516 853 fatigationis
530 805 675 839 sentiunt
689 816 726 837 ex
739 815 806 836 vno
820 800 1105 850 congreffu‚quie-

309 866 377 889 tem
394 854 586 890 &inducias
601 865 677 887 tunc
685 864 820 900 quoque
831 865 890 899 pro
903 851 958 886 suo
967 850 1107 885 arbitrio

311 903 373 939 fibi
387 902 519 938 sumunt
534 927 545 942 ,
559 903 666 936 donec
677 899 808 936 refectis
819 903 912 945 annis
926 905 957 936 &
969 899 1107 939 viribus,

313 954 432 989 iterum
447 952 485 989 ad
497 950 785 998 nosimpetendos
803 949 955 985 instructi
978 949 1049 983 sunt
1071 962 1107 983 ac

313 1003 427 1049 parati.
443 1003 519 1036 Huc
530 1004 628 1035 etiam
640 999 779 1039 accedit,
791 999 884 1046 quod
897 999 996 1034 tantis
1010 1000 1109 1032 loco-
1131 1026 1132 1031 ,

313 1065 386 1086 rum
409 1048 518 1098 spatiis
540 1047 653 1088 diuisi,
673 1049 726 1082 illa
741 1049 840 1083 etiam
861 1049 948 1082 vnde
961 1060 1029 1081 non
1051 1060 1107 1095 pa-

315 1113 388 1135 rum
400 1101 575 1134 leuationis
588 1098 782 1146 sperandum
797 1096 882 1132 foret
895 1121 904 1137 ,
918 1097 1109 1131 commodi-

317 1160 384 1185 tate
394 1148 604 1184 destituimur
615 1174 624 1188 ,
639 1147 908 1182 communicandi
920 1146 1042 1180 scilicet
1056 1147 1110 1180 in-

319 1210 369 1233 ter
380 1211 456 1239 nos,
473 1192 676 1244 consiliiique
686 1209 746 1244 pro
758 1208 864 1230 rerum
874 1201 905 1231 &
918 1206 1110 1242 temporum

319 1249 448 1282 ratione
460 1270 469 1285 ,
483 1245 690 1281 conferendi.
720 1247 814 1284 Haec,
825 1256 861 1279 vt
873 1246 951 1284 dixi,
965 1257 1034 1278 non
1045 1243 1112 1278 sine

319 1298 446 1346 gemitu
459 1294 616 1343 sortisque
628 1296 742 1329 nostrae
760 1295 996 1341 deploratione
1010 1306 1111 1341 repu-

317 1359 355 1381 to
370 1358 500 1380 mecum
512 1357 547 1378 ac
557 1344 741 1392 perpendo,
768 1342 937 1378 Caeteritm
951 1367 961 1382 ‚
973 1344 1091 1391 quomi
1101 1361 1111 1366 -

318 1408 378 1430 nus
392 1394 449 1430 ista
462 1395 670 1442 cogitatione
680 1390 968 1441 frangat‚occurrit
980 1405 1018 1427 ex
1028 1393 1112 1426 alte-

320 1457 352 1479 ra
363 1457 454 1492 parte
474 1456 542 1477 non
566 1443 742 1477 minimum
765 1441 928 1476 solatium.
956 1441 1110 1476 Primum

319 1492 509 1540 quiastatuo
522 1505 583 1526 nos
595 1505 662 1525 non
677 1490 744 1525 sine
764 1501 855 1524 certo
869 1491 937 1525 Dei
958 1489 1112 1530 consilio,

320 1548 352 1579 &
367 1542 485 1577 talibus
502 1541 645 1576 obsideri
658 1538 831 1587 premique
844 1539 1048 1588 angustiis‚&
1058 1541 1112 1579 iis,

319 1604 392 1639 quae
405 1591 593 1625 humanitus
605 1592 715 1625 iuuare
727 1602 787 1623 nos
804 1587 931 1636 possent
942 1612 952 1628 ‚
964 1587 1113 1623 subsidiis

321 1641 442 1679 defici,
466 1639 629 1674 vrmelius
642 1636 860 1686 expergefac‘ti
878 1661 888 1677 ‚
910 1636 1067 1685 respicere
1080 1639 1113 1672 in

320 1690 427 1738 ipsum
448 1688 553 1724 solum
571 1687 742 1722 discamus.
774 1687 911 1722 Deinde
930 1688 1007 1735 quia
1019 1698 1113 1721 verus

319 1739 386 1774 hoc
399 1737 460 1772 esse
480 1737 666 1785 exemplum
679 1760 689 1776 ‚
712 1749 786 1771 curn
808 1737 922 1770 animo
943 1736 1113 1771 recordor.

319 1787 437 1824 Refert
451 1788 539 1821 enim
552 1788 634 1820 sacra
643 1786 777 1820 historia
791 1809 801 1825 ‚
815 1785 971 1820 Israelitas
989 1784 1065 1819 cum
1077 1798 1116 1819 ex

320 1837 513 1885 captiuitate
525 1835 665 1870 restituti
677 1836 846 1869 ciuitatem
858 1837 1020 1868 extrueret
1030 1858 1040 1873 ,
1054 1847 1114 1882 pa-

319 1884 563 1922 ridifficultate
574 1882 741 1919 laborasse.
759 1884 849 1918 Nam
864 1883 939 1917 cum
951 1883 1017 1931 ipsa
1029 1896 1115 1931 ope-

321 1937 365 1970 ris
377 1934 575 1983 magnitudo
587 1946 621 1968 ac
634 1934 738 1968 moles
749 1958 759 1974 ‚
778 1932 854 1966 cum
874 1933 1035 1979 temporis
1054 1945 1115 1966 an-

323 1984 438 2033 gustiae
451 1985 523 2031 plus
543 1982 688 2017 satiseos
701 1993 854 2029 vrgerent
868 2005 878 2021 ‚
900 1981 940 2015 ab
961 1981 1112 2016 hostibus

321 2034 493 2082 aliquanto
507 2033 577 2080 plus
596 2032 728 2080 negocij
739 2027 965 2079 molestiaeque
976 2029 1115 2065 sustine-

320 2082 414 2117 bant.
445 2084 486 2118 Et
506 2093 616 2116 tamen
636 2081 788 2115 videmus
809 2079 842 2113 id
853 2092 921 2113 non
941 2077 1115 2119 obstitisse,

322 2133 501 2178 quominus
513 2130 675 2165 constater
688 2125 899 2175 infracffisque
911 2130 1030 2163 animis
1039 2141 1115 2176 pcr-

321 2192 440 2229 gerent
459 2182 492 2214 in
512 2191 614 2227 opere
631 2203 640 2218 ,
662 2178 761 2225 vsque
783 2178 861 2212 dum
879 2177 918 2211 ad
930 2189 1113 2212 extremum

270 2244 273 2247 ·
322 2230 488 2265 constanti
502 2241 617 2262 eorum
640 2226 822 2262 assiduitate
830 2225 975 2260 hostium
986 2227 1115 2273 impro-

197 2279 307 2307 ιΝιΙιεηι.

196 2330 222 2354 4-
236 2329 267 2353 17

322 2279 452 2315 bitas&
476 2278 581 2312 rab1cs
602 2275 814 2324 frangeretur.
855 2276 1028 2322 Siquidem
1051 2275 1116 2309 hoc

322 2341 391 2363 non
413 2328 549 2374 vulgare
561 2337 628 2360 erat
639 2324 848 2360 fortitudinis
860 2322 1116 2372 specimen,gla-

323 2378 387 2412 diis
399 2377 564 2411 accinstos
579 2386 776 2409 caementurn
789 2374 946 2409 &lateres
959 2385 1117 2421 compor-
1156 2410 1157 2413 Ἰ

324 2438 410 2460 taret
427 2426 524 2459 altera
539 2437 637 2460 manu
652 2435 763 2457 tenere
775 2423 920 2470 gladium
934 2447 945 2462 ‚
960 2421 1064 2457 faeere
1075 2432 1126 2456 0-‘

323 2488 383 2524 pus
398 2499 408 2515 ,
423 2473 619 2520 trullimque
631 2471 753 2506 versare
765 2474 862 2505 altera
882 2483 999 2518 :atque
1015 2472 1118 2506 iraat-

324 2524 514 2559 chitec‘turae
526 2523 600 2557 dare
610 2534 760 2567 operam,
773 2525 803 2556 &
818 2520 911 2555 simul
920 2521 959 2555 ad
971 2522 1119 2568 praelium

325 2571 387 2608 csse
409 2572 593 2620 expeditos.
630 2571 710 2604 Eius
730 2569 872 2604 historiae
890 2570 1121 2605 recordatione

327 2622 460 2657 excitari
473 2634 534 2655 nos
544 2631 680 2668 quoque
692 2620 785 2654 decet
797 2642 807 2658 ,
819 2630 854 2652 vt
868 2619 953 2653 inter
963 2623 1016 2653 tot
1028 2617 1118 2653 diffiss

328 2672 464 2706 cultates
478 2682 571 2718 ,quae
584 2681 648 2704 nos
670 2669 709 2703 ad
725 2666 987 2714 desperationem
1009 2666 1120 2703 solici-

327 2725 414 2759 tant,
424 2720 572 2754 animum
585 2717 806 2761 nihilominus
818 2717 1119 2765 colligamus-Ciam

329 2768 475 2804 mirabili
492 2767 543 2802 sua
556 2792 565 2807 ‚
589 2779 660 2802 turn
676 2766 852 2814 «potentia,
873 2778 944 2800 tum
967 2766 1121 2801 bonitate

328 2820 504 2854 Dominus
514 2815 730 2859 abhorrenda
742 2813 1003 2849 illaAntichristi
1016 2816 1120 2850 Rom.

326 2867 502 2913 tyrannide
515 2878 576 2900 nos
587 2865 738 2900 liberauit
749 2887 760 2903 ,
776 2864 918 2898 ciuitatis
938 2862 996 2898 suae
1007 2862 1122 2898 sanotae

326 2913 517 2952 Ierusalem,
532 2915 564 2949 id
578 2914 623 2949 est
635 2938 644 2952 ,
656 2912 807 2948 Ecclefiae
818 2911 1031 2960 instaurandae
1040 2925 1123 2960 pro·

324 2965 473 2999 *uinciam
482 2963 585 2998 hodie
595 2961 696 2996 nobis
707 2961 861 2996 mandam<
879 2961 1032 2997 Arduum
1048 2961 1122 2996 sane

281 3013 284 3017 ’
331 3011 430 3061 perse
444 3025 527 3067 opus
539 3025 573 3047 ac
593 3009 816 3046 laboriosum:
838 3020 874 3044 vt
894 3009 978 3044 nihil
989 3011 1123 3052 aliunde

330 3063 537 3109 superuemat
558 3060 805 3106 impedimenti.
848 3058 978 3094 Verum
991 3061 1122 3094 Satanae

329 3109 469 3146 ‘ministri
482 3115 512 3146 ἃ
525 3108 674 3144 satellites
686 3133 695 3147 ,
707 3108 828 3155 quibus
850 3108 884 3143 id
902 3106 949 3142 est
968 3107 1123 3155 proposi-

330 3172 401 3195 tum
412 3184 422 3197 ‚
433 3171 473 3193 ne
485 3157 634 3193 Ecclesiae
645 3157 900 3191 aedificationem
909 3180 920 3196 ‚
939 3157 1031 3204 quod
1045 3158 1079 3191 in
1092 3155 1123 3192 se

331 3210 391 3244 erit
403 3206 704 3256 surgerepatiantur
715 3229 724 3244 ‚
736 3204 867 3241 assiduis
887 3204 1122 3240 certaminibus

331 3269 394 3292 nos
406 3257 556 3291 vexando
567 3279 577 3295 ,
591 3255 663 3302 plus
683 3252 790 3288 adhuc
800 3254 933 3303 negocii
952 3252 1119 3289 facessunt.

333 3308 470 3354 Itaque,
482 3305 558 3341 cum
573 3304 714 3340 securam
724 3301 764 3343 ab
774 3303 844 3338 aliis
857 3303 955 3340 rebus
967 3305 1121 3339 vocatio-

642 199 926 237 RESPON.
966 199 1267 238 CONTRA
1302 204 1619 239 PIGHIVM

1154 276 1230 300 nem
1243 267 1389 313 ‘requirat
1402 267 1588 301 ordinarius
1601 267 1784 315 reparandae
1794 268 1945 303 Ecclefiae

1154 315 1264 354 labor,
1278 317 1329 350 cui
1344 329 1424 354 ηοε,
1449 317 1641 363 quandoita
1664 319 1819 351 Domino
1841 317 1946 352 visum

1155 366 1220 402 est,
1246 365 1397 399 destinati
1419 363 1547 404 sumus),
1571 364 1664 400 simul
1681 377 1780 414 atque
1802 367 1947 413 lapidem

1157 425 1259 447 vnum
1274 415 1437 463 coepimus
1455 415 1573 449 tollere
1584 439 1593 452 ‚
1612 415 1663 451 isti
1676 415 1804 450 claffico
1813 417 1851 450 ad
1865 427 1947 463 prae-

1154 463 1235 496 lium
1248 475 1309 496 nos
1320 464 1435 497 citant.
1465 463 1554 498 Cum
1573 476 1633 497 nos
1648 466 1762 512 exigua
1772 464 1868 499 simus
1881 464 1949 498 ho*

1155 512 1284 546 minum
1300 523 1436 546 manus:
1464 513 1511 546 illi
1524 512 1695 560 ingentem
1713 513 1834 548 faciant
1854 520 1949 548 exer*

1155 561 1279 595 citum:
1296 559 1353 607 qui
1368 559 1546 608 possimus»,
1562 566 1593 597 δι
1605 560 1747 597 resistere
1761 562 1855 597 simul
1867 563 1947 606 illis4

1155 614 1186 644 δι
1197 622 1311 644 manus
1322 609 1442 644 habere
1456 608 1583 657 semper
1592 611 1625 644 in
1637 623 1739 658 opere
1749 613 1948 659 occupatas?

1155 657 1215 692 nisi
1228 657 1326 693 nobis
1340 661 1373 692 in
1387 671 1533 692 mentem
1547 660 1657 693 veniat
1668 685 1678 700 ‚
1692 659 1733 694 sic
1749 673 1837 695 nunc
1851 672 1950 709 agere

1155 709 1267 742 Deum
1281 732 1291 747 ,
1308 719 1343 741 vt
1354 709 1482 755 pridem
1502 707 1615 742 solitus
1629 708 1692 747 est,
1710 710 1779 756 quo
1792 711 1950 744 illustrio-
1971 732 1977 739 -

1156 769 1226 791 rem
1243 769 1355 791 manus
1369 756 1428 791 suae
1440 758 1623 803 potentiam
1636 758 1867 793 reddatznobis
1881 757 1949 793 suf-¹

1157 804 1255 840 ficere
1268 806 1334 840 hoc
1348 806 1580 853 debere,quod
1597 806 1694 841 etiarn
1709 806 1730 841 si
1743 820 1855 855 parurn
1869 814 1950 854 pro-

1155 854 1255 889 ficere
1267 868 1352 889 nunc
1362 855 1535 889 videamur
1548 855 1660 889 labore
1673 856 1809 891 nostro:
1824 855 1950 890 desue-

1157 902 1239 937 cessu
1258 915 1367 938 tamen
1383 905 1520 951 perinde
1530 903 1590 938 acsi
1603 905 1666 938 iam
1681 917 1801 940 extaret
1820 929 1830 945 ‚
1852 904 1950 939 simus

1157 955 1237 986 certi
1251 953 1406 999 ,quando
1429 950 1486 987 sub
1506 955 1574 987 eius
1589 954 1710 988 vexillo
1733 952 1950 1002 auspiciisque
1991 951 1994 955 ’

1157 1003 1351 1036 militamus.
1380 1001 1486 1048 Qd
1507 1001 1528 1036 si
1541 1002 1719 1037 hominum
1738 1004 1949 1050 quorundam

1157 1050 1447 1098 reprehensionem
1459 1063 1527 1084 non
1540 1049 1675 1098 effugiat
1698 1052 1807 1086 nostra
1827 1051 1952 1086 seduli-

1158 1111 1205 1133 tas
1217 1106 1229 1141 (
1241 1111 1276 1133 vt
1291 1101 1439 1147 plerique
1450 1099 1553 1134 hodie
1565 1099 1637 1134 sunt
1651 1101 1751 1135 nimis
1773 1102 1949 1137 delicati&

1158 1148 1301 1189 morosi)
1312 1149 1388 1196 quia
1402 1147 1651 1183 festinationem
1661 1150 1721 1184 alic
1728 1149 1787 1184 ubi
1807 1149 1950 1197 resipiat,

1159 1197 1226 1232 haec
1240 1211 1301 1232 nos
1314 1197 1513 1232 conscientia
1525 1195 1677 1233 sustineat
1701 1211 1737 1233 ac
1757 1199 1954 1239 confirmet,

1159 1247 1252 1295 quod
1264 1249 1341 1282 Deo
1357 1248 1463 1281 ludici
1477 1246 1610 1286 nostre,
1632 1247 1769 1283 Christo
1791 1249 1952 1282 Domino

1159 1310 1195 1331 ac
1206 1297 1302 1335 duci,
1323 1295 1504 1344 faustisque
1523 1297 1663 1343 Angelis
1673 1310 1742 1331 eam
1762 1295 1879 1331 scimus
1890 1310 1952 1344 ap-

1160 1345 1304 1392 probari.
1317 1346 1421 1392 Qd
1434 1346 1473 1380 ad
1487 1358 1538 1379 me
1549 1346 1705 1391 priuatim
1717 1348 1836 1381 attinet
1848 1369 1858 1385 ‚
1873 1346 1952 1382 cum

1161 1391 1255 1435 satis,
1268 1394 1486 1432 cuiseruiam,
1509 1395 1662 1428 nouerim
1682 1409 1690 1429 :
1710 1396 1742 1429 in
1756 1395 1815 1429 hac
1831 1394 1954 1430 fiducia

1161 1455 1252 1480 totus
1263 1443 1543 1491 acquiesc0,quod
1556 1443 1601 1476 illi
1616 1443 1741 1490 placere
1751 1441 1953 1491 obsequium

1161 1507 1270 1528 meum
1283 1491 1609 1541 qualecunque,nihil
1620 1492 1751 1527 dubito.
1769 1494 1953 1534 Caeterum‚

1161 1541 1183 1577 si
1196 1542 1374 1577 hominurn
1388 1542 1549 1576 iudicium
1562 1543 1735 1588 quaeritur‚
1751 1552 1843 1576 tuurn
1855 1544 1954 1577 vuius

1162 1591 1245 1625 mihi
1257 1591 1354 1626 instar
1366 1592 1519 1625 omnium
1532 1587 1678 1625 futurum
1692 1590 1818 1638 semper
1829 1590 1962 1630 est‚s1c-

1162 1652 1198 1674 ut
1210 1641 1333 1676 merito
1343 1639 1404 1675 esse
1418 1638 1530 1676 debet.
1548 1637 1665 1676 Mense
1678 1640 1834 1675 Februar.
1853 1651 1894 1675 Μ.
1911 1652 1954 1678 u·

1165 1702 1188 1725 x
1204 1703 1226 1726 1.
1245 1703 1258 1724 1
1276 1702 1289 1724 1
1306 1703 1333 1725 1.

1166 1875 1626 1924 DEFENSIO
1701 1873 1957 1920 SANAE

1213 1947 1293 1985 ET
1334 1943 1806 1980 ORTHODOXAE
1843 1946 1958 1980 Do-

1218 2016 1459 2040 CTrthAE
1524 2014 1582 2038 DE
1637 2014 1685 2037 sn
1712 2014 1958 2042 Rv1TVT8

1211 2070 1244 2102 δι
1265 2063 1465 2099 liberatione
1486 2060 1622 2096 humani
1639 2059 1766 2105 arbitrij
1779 2085 1789 2101 ,
1807 2062 1961 2101 aduersus

1213 2122 1393 2158 calumnias
1404 2118 1537 2155 Alberti
1547 2117 1655 2166 Pighij
1668 2117 1877 2165 Campensis.

1294 2213 1394 2268 qu(
1448 2216 1821 2260 *PRIMVM

1483 2273 1605 2309 Itbrum.

1398 2372 1472 2409 VM
1509 2383 1585 2408 ante
1609 2371 1786 2407 biennium
1801 2371 1849 2406 -in
1874 2384 1959 2407 con-

1336 2432 1363 2472 ‘s
1401 2434 1501 2458 uentu
1520 2419 1786 2459 VVormaciensi
1809 2418 1958 2462 effemus,

1392 2471 1580 2506 ·audiebam
1600 2470 1776 2505 Albertum
1801 2470 1960 2518 Pighium

1355 2539 1373 2556 2,-
1405 2521 1561 2558 rnihiiam
1582 2520 1698 2555 minari
1713 2530 1772 2558 ,ac
1794 2530 1960 2554 certamen

1403 2569 1619 2608 denunciare,
1640 2567 1756 2603 verum
1780 2567 1814 2602 id
1827 2568 1955 2614 procul.

1168 2619 1310 2654 Librum
1322 2618 1411 2653 enim
1431 2617 1541 2652 nescio
1564 2614 1664 2665 quem
1686 2613 1716 2651 se
1739 2615 1892 2663 scripsisse
1907 2619 1961 2651 ia-

1169 2668 1391 2703 dabatinter
1408 2665 1481 2701 suos
1502 2689 1513 2705 ‚
1543 2679 1611 2714 quo
1638 2676 1729 2700 totus
1760 2664 1960 2701 confiterer:

1169 2718 1323 2752 nondum
1361 2726 1470 2751 tamen
1501 2714 1690 2762 proferebat
1702 2740 1710 2749 .
1762 2713 1852 2749 Cum
1879 2714 1961 2750 verb

1170 2765 1282 2814 postea
1301 2763 1519 2814 Ratisponam
1539 2775 1676 2799 ventum
1695 2761 1792 2802 esset,
1804 2775 1841 2797 ac
1858 2763 1961 2798 dimi-

1171 2817 1246 2851 dius
1260 2815 1314 2850 ille
1333 2813 1418 2848 liber
1431 2814 1486 2853 ,in
1505 2813 1688 2849 Lutherurn
1711 2824 1747 2847 ac
1766 2811 1962 2859 Philippum

1169 2862 1443 2905 Melanfflionem
1455 2861 1629 2910 praesertim
1641 2885 1652 2901 ‚
1664 2861 1786 2896 deinde
1797 2861 1831 2896 in
1842 2859 1962 2895 nosfi-

1170 2914 1239 2949 mul
1256 2924 1374 2946 omnes
1386 2911 1590 2959 compositus
1601 2936 1611 2952 ,
1623 2909 1793 2958 prodiisset
1804 2926 1814 2948 ⁵
1826 2909 1885 2956 qui
1900 2908 1961 2944 de-

1170 2963 1250 2998 inde
1268 2959 1450 2995 acceffione
1470 2960 1616 2995 secundae
1639 2959 1741 3007 partis
1750 2958 1862 2992 anetus
1883 2955 1958 2998 fuit,

1171 3010 1255 3046 mihi
1267 3011 1330 3045 iam
1344 3022 1462 3058 magna
1471 3023 1508 3044 ex
1520 3019 1610 3057 parte
1629 3006 1766 3043 videbar
1784 3006 1957 3047 liberatus,

1170 3073 1212 3095 ne
1229 3059 1310 3107 quid
1329 3057 1439 3093 saltem
1452 3060 1486 3093 in
1499 3070 1552 3093 me
1576 3056 1730 3105 priuatim
1752 3054 1874 3091 ederet.
1904 3059 1959 3091 Sic

1170 3109 1260 3144 enirn
1279 3106 1486 3155 cogitabam,
1507 3107 1584 3155 quia
1603 3117 1656 3140 me
1670 3104 1849 3152 indignum
1868 3105 1960 3140 iudi-

1170 3155 1264 3193 casset
1274 3180 1285 3196 ,
1301 3157 1335 3191 in
1346 3168 1445 3203 quem
1457 3168 1558 3190 vnum
1572 3155 1655 3189 vires
1668 3151 1735 3186 suas
1745 3153 1959 3200 experiretur,

1171 3204 1315 3242 maluisse
1333 3205 1373 3240 ad
1401 3204 1500 3253 ipsius
1522 3202 1711 3238 communis
1729 3200 1825 3235 causae
1847 3214 1960 3249 oppu—

1154 3255 1366 3303 gnationem
1377 3266 1430 3288 eas
1443 3251 1592 3288 conferre
1603 3266 1613 3286 ι
1631 3261 1667 3295 vt
1680 3249 1710 3284 >si
1727 3262 1825 3297 quam
1847 3252 1959 3286 νίἃο-

1170 3306 1252 3340 riam
1266 3302 1615 3350 reportaretfflobilioi·
1627 3297 1701 3335 esset
1710 3298 1958 3347 triumphuszsin

1850 3358 1958 3384 autern
