2113 3674
311 185 370 231 918
900 174 916 208 Ῑ
937 173 967 207 Ῑ”.

303 243 398 294 quod
410 242 450 277 ab
464 253 503 277 eo
513 237 643 290 prorsus
659 234 720 271 esse
732 232 858 270 alienos
874 243 1030 281 oporteat
1041 234 1105 281 qui.

304 294 533 341 baptizantur:
553 288 605 324 scd
617 288 693 334 quia
705 296 783 320 tunc
802 295 860 318 eos
879 285 974 318 Deus
991 280 1022 317 se
1041 284 1098 318 ad·

307 346 442 380 mittere
451 340 596 375 testatur.
615 338 750 371 Notum
763 332 809 368 est
820 332 899 367 illud
912 333 1100 381 Augustini,

307 393 428 428 multas
441 388 565 426 Christi
576 397 658 421 oues
669 395 756 419 extra
766 380 945 418 Ecclesiam
956 380 1102 429 esle,qut'1

307 441 406 477 multi
417 441 484 487 lupi
495 441 582 473 intus
594 434 767 469 habitent:
788 443 909 478 nempe
918 435 996 479 quia
1006 442 1102 466 ante-

307 503 408 538 quam
423 489 488 523 fide
498 483 700 534 cognoscant
714 485 930 529 Deum,quos
940 481 1103 528 adoptio-

309 551 360 575 nis
372 537 542 585 Spirituad
556 533 585 568 se
598 534 719 568 inuitat
729 556 740 572 ‚
753 531 793 566 ab
806 531 877 578 ipso
896 532 961 565 iam
972 528 1103 578 cogniti

309 586 452 623 fuerunt.
490 587 692 632 anuam
703 593 784 630 ergo
799 582 892 615 Deus
904 580 1014 614 iamin
1036 580 1103 613 Ec-

310 635 402 672 clesia
414 636 464 670 sua
474 631 625 683 agnoscit
639 632 697 680 qui
707 631 807 666 exteri
821 628 882 664 esse
894 629 1061 666 videntur,
1071 631 1104 662 &

309 685 382 721 sunt
395 685 495 718 etiam
513 681 607 731 quod
620 682 658 716 ad
672 679 760 728 ipsos
772 680 909 717 attinet,
930 677 1051 714 meritc>
1069 677 1104 710 in

309 733 490 770 Ecclesiam
503 732 591 768 suam
601 743 659 766 eos
673 728 813 764 inserere
834 728 955 763 dicitur
967 751 977 767 ‚
1002 738 1105 774 quum

311 796 368 818 eos
388 783 551 817 illuminat
563 782 598 815 in
607 779 710 815 fidem
721 802 731 818 ‚
747 789 818 825 quae
833 776 896 812 illis
909 776 955 812 est
979 778 1105 824 primus

311 833 346 868 in
360 831 447 880 spem
454 841 581 866 aeternae
590 830 666 864 vitae
676 825 845 876 ingressus.
873 827 1039 862 Nondum
1050 823 1105 860 so-

311 882 399 917 lutus
411 880 456 917 est
473 878 664 928 quaestionis
675 877 785 912 nodus
797 899 808 916 ‚
820 874 936 912 fateor.
954 874 1105 909 Tantum

311 931 473 979 principia
485 930 553 964 haec
564 928 674 976 attigi,
683 940 721 962 ex
729 925 828 974 quib⁹
839 926 963 960 delibet
974 923 1107 959 vvest-

311 981 428 1029 phalus
441 979 524 1014 nihil
534 976 664 1013 absurdi
675 975 775 1016 effe,fi
788 975 936 1010 dicamus
949 976 980 1008 in
994 972 1107 1007 Eccle-

313 1029 392 1066 siam
403 1028 513 1069 inseri,
525 1028 582 1076 qui
596 1025 685 1074 prius
696 1035 788 1060 erant
797 1025 866 1059 eius
877 1023 1034 1058 membra.
1051 1023 1108 1056 De

313 1080 421 1128 puetis
432 1076 656 1116 &infantibus
666 1086 843 1123 antequam
854 1072 1107 1120 respondeawe-

313 1130 374 1165 lim
386 1127 470 1163 mihi
482 1125 574 1162 suum
588 1126 629 1161 de
640 1135 784 1173 quatuor
803 1122 981 1158 hominum
1005 1119 1109 1154 milli-

312 1177 377 1214 bus
387 1201 398 1218 ,
409 1188 478 1225 quae
489 1179 602 1212 Petrus
617 1177 721 1222 prima
730 1173 781 1208 sua
793 1173 958 1207 concione
971 1168 1109 1205 Christo

313 1225 496 1263 lucrifecit:
513 1226 592 1260 item
605 1226 645 1260 de
655 1223 820 1259 Cornelio
832 1227 864 1258 δι
883 1219 1042 1256 similibus
1056 1231 1108 1253 iu-

315 1276 441 1312 dicium
455 1273 611 1323 proferat.
640 1275 673 1309 Si
686 1271 834 1309 membra
854 1268 1003 1306 Ecclesiae
1020 1266 1111 1303 fuisse

314 1336 417 1375 neget
427 1337 501 1359 ante
513 1323 841 1372 Baptisinuni‚nullus
854 1319 1026 1354 secundum
1037 1330 1111 1352 eum

313 1374 523 1423 poenitentiae
534 1378 565 1410 δι
578 1371 659 1409 fidei
670 1370 804 1407 effeetus
815 1371 889 1405 erit.
899 1371 930 1404 Si
941 1369 978 1403 ad
992 1368 1109 1402 Eccle-

315 1424 367 1459 siae
379 1436 499 1472 corpus
512 1435 582 1457 non
594 1423 764 1470 pertinent
778 1444 790 1461 ,
802 1431 886 1468 quos
901 1420 994 1453 Deus
1004 1415 1111 1451 verbo

313 1472 373 1509 suo
383 1473 534 1521 regenuit
544 1495 555 1512 ‚
567 1483 652 1519 quos
662 1469 793 1506 refinxit
801 1469 840 1504 ad
851 1469 997 1516 imagine
1010 1463 1110 1506 suam,

315 1535 403 1571 quos
415 1521 541 1558 coelesti
566 1520 647 1556 fidei
665 1521 736 1555 luce
756 1520 909 1568 dignatus
926 1515 995 1557 est,
1024 1527 1110 1563 quos

315 1573 455 1621 Spiritus
476 1571 574 1606 donis
586 1569 798 1617 locupletauit
812 1592 822 1608 ‚
848 1566 969 1616 quibus
980 1576 1073 1600 notis
1093 1565 1113 1600 ὲ

315 1623 449 1668 reliquo
462 1620 592 1655 mundo
604 1617 812 1654 discernendi
830 1627 927 1652 erunt
943 1615 1004 1660 filij
1025 1615 1109 1650 Dei?

315 1669 412 1713 Quid
430 1670 532 1718 igitur
554 1667 650 1703 restat
669 1691 679 1708 ,
698 1666 759 1702 nisi
780 1677 815 1701 vt
837 1665 923 1701 mihi
949 1664 1112 1699 concedat

315 1718 564 1767 VVessphalus‚
576 1719 684 1765 aliqua
696 1729 732 1751 ex
745 1727 854 1763 parte,
867 1715 920 1749 vel
932 1713 1112 1748 secundum

317 1768 399 1817 quid
409 1792 420 1809 ‚
436 1778 471 1802 vt
483 1768 675 1816 loquuntur,
688 1763 779 1800 fuisse
788 1763 940 1801 Ecclesiae
951 1761 1112 1802 membra,

318 1817 424 1867 quiin
435 1817 503 1853 eius
515 1816 704 1851 societatem
716 1815 836 1850 initiati
849 1812 970 1848 deinde
979 1810 1113 1847 fuerunt

318 1880 377 1917 per
387 1865 613 1914 Baptismum?
625 1867 677 1900 Sic
686 1865 778 1899 Pauli
789 1864 898 1899 abluta
910 1861 983 1897 sunt
995 1873 1113 1909 pecca-

318 1918 394 1954 tain
412 1913 581 1963 Baptismo
593 1936 604 1953 ‚
622 1925 766 1960 quorum
785 1913 915 1948 veniam
936 1911 1025 1958 prins
1046 1909 1115 1945 fide

319 1966 457 2014 adeptus
471 1965 634 2000 erat.Hoc
643 1962 682 1996 ad
695 1959 835 1996 infantes
850 1959 1016 1995 transferri
1028 1958 1114 1994 nihil

321 2025 425 2054 vetat,
438 2025 581 2062 quorum
595 2023 663 2045 non
675 2009 832 2044 absimilis
843 2008 888 2044 est
897 2009 992 2043 ratio.
1021 2010 1113 2043 Nam

321 2075 376 2099 aut
390 2065 486 2098 inane
499 2063 542 2097 est
556 2061 623 2095 Dei
636 2058 742 2094 foedus
752 2082 762 2097 ,
783 2070 852 2106 quo
873 2069 930 2092 eos
950 2056 1010 2092 sibi
1029 2057 1114 2092 ado-

322 2123 395 2160 ptat
406 2135 415 2152 ‚
429 2118 460 2149 &
473 2111 561 2146 irrita
572 2107 744 2157 promissio
755 2117 825 2142 :aut
835 2119 904 2141 non
917 2107 1046 2154 prorsus
1057 2118 1113 2140 ex-

320 2162 427 2198 tranei
443 2160 618 2207 sunt‚quos
630 2160 721 2193 Deus
735 2158 907 2205 pronutiat
919 2168 957 2190 ex
969 2153 1025 2190 suo
1036 2167 1113 2202 gre-

321 2223 363 2260 ge
374 2208 447 2245 esse.
476 2210 579 2245 Filios
592 2206 664 2241 suos
685 2207 836 2241 nominat
857 2207 950 2240 Deus
962 2227 973 2244 ‚
993 2203 1115 2252 quibus

321 2256 478 2308 promissa
501 2257 546 2293 est
566 2256 673 2291 salutis
692 2256 860 2290 haereditas
879 2256 914 2288 in
937 2264 1113 2301 parentum

322 2307 471 2356 persona.
495 2306 656 2355 Qoiure
668 2307 727 2341 erit
746 2301 890 2351 ipsorum
906 2313 1018 2351 pater,
1042 2302 1114 2337 siad

322 2356 498 2393 Ecclesiam
510 2354 718 2390 nullomodo
737 2354 942 2401 pertineant?
952 2352 1050 2387 Nihil
1063 2362 1114 2385 ta·

323 2419 400 2442 men
414 2404 644 2453 impedit‚quo
658 2402 766 2439 minus
778 2404 914 2451 gratiam
929 2400 1012 2435 hanc
1022 2399 1114 2435 obsi-

319 2468 447 2505 gnam,
457 2455 546 2491 idem
560 2453 652 2502 quod
666 2452 756 2500 prius
766 2452 897 2486 dederat
917 2451 958 2485 de
979 2452 1114 2497 integro

319 2504 509 2540 confirmet.
523 2505 649 2539 Mirum
663 2513 773 2536 autem
785 2501 829 2536 est
841 2524 851 2539 ‚
861 2499 1114 2547 VVestphalurn

320 2553 385 2588 hoc
394 2554 472 2588 iuris
484 2564 604 2600 negare
614 2549 795 2586 infantibus
806 2573 816 2589 ‚
833 2548 899 2583 sine
913 2561 982 2597 quo
994 2561 1113 2596 perpe-

320 2616 389 2638 ram
400 2615 456 2637 eos
478 2602 517 2636 ad
539 2599 742 2648 Baptismum
761 2598 961 2633 admitteret.
991 2600 1115 2646 Qn-

320 2664 419 2699 quam
431 2648 602 2697 Baptismo
616 2649 722 2684 fateor
732 2659 793 2682 nos
805 2646 876 2682 fieri
887 2646 1030 2695 Ecclesir„¹
1041 2649 1114 2682 me-

319 2699 391 2739 bra‚
404 2712 491 2748 nego
503 2702 591 2734 tame
603 2699 665 2734 rite
673 2696 906 2746 baptizari‚nisi
918 2697 976 2744 qui
985 2698 1023 2731 ad
1035 2708 1113 2731 cor-

319 2761 382 2798 pus
391 2747 541 2784 Ecclesiae
553 2747 856 2796 pertinent.Neque
866 2746 953 2780 enim
966 2744 1115 2781 nostrum

321 2799 364 2834 est
375 2796 579 2846 quibussibet
592 2795 777 2845 promiscue
790 2795 900 2843 largiri
919 2797 1112 2830 Sacrameta:

320 2846 374 2883 sed
386 2846 426 2880 ad
442 2845 662 2893 praescriptum
676 2845 743 2881 Dei
756 2844 916 2892 exigenda
931 2843 977 2879 est
995 2857 1113 2879 eorum

321 2894 533 2943 dispensatio.
546 2896 631 2943 Qis
643 2895 719 2934 tibi,
730 2891 955 2938 VVestphale‚
967 2893 1114 2940 permisit

321 2955 449 2980 aeternae
463 2945 537 2978 vitae
550 2946 669 2991 pignus
679 2967 690 2985 ‚
702 2942 831 2979 iustitiae
843 2946 875 2978 δε
887 2943 1113 2978 renouationis

321 2991 341 3028 s
352 2992 674 3032 nibolfimaledieto
685 2998 717 3030 δι
730 2990 871 3042 profano
884 2989 1015 3026 homini
1028 3004 1113 3026 con-

336 3038 428 3078 erre*
439 3044 471 3077 Si
484 3052 592 3076 tecum
607 3040 824 3090 Anabaptista
834 3037 996 3088 quispiam
1007 3040 1114 3075 disce-

322 3102 480 3140 ptet,non
492 3090 552 3124 alia
563 3089 940 3139 tibi,0pin0r,succurret
953 3087 1113 3131 defensio,

323 3140 424 3188 quzim
436 3140 475 3175 ad
487 3137 686 3185 Baptismum
699 3141 770 3176 iure
781 3139 882 3187 recipi
895 3162 906 3179 ‚
924 3149 1008 3185 quos
1021 3139 1113 3173 Deus

323 3189 502 3237 adoptauit
513 3199 689 3237 antequam
701 3190 906 3224 nascerentur
915 3210 927 3226 ‚
948 3191 981 3224 &
990 3186 1112 3234 quibus

324 3238 354 3275 se
364 3237 434 3273 fote
450 3250 574 3285 patrem
588 3238 754 3286 pollicitus
766 3237 823 3273 est.
850 3235 925 3273 Nisi
936 3237 1025 3271 enim
1038 3249 1113 3284 gra-

325 3288 406 3324 tiam
417 3286 534 3324 suam&
553 3286 699 3335 patribus
711 3281 752 3323 in
773 3286 861 3324 filios
881 3283 1115 3323 transmitteret

1016 167 1386 207 DEFENSIO

1147 234 1256 271 Deus,
1268 229 1411 266 infantes
1422 228 1462 266 :rb
1476 239 1571 266 vtero
1585 233 1707 269 recetes
1722 232 1754 267 in
1768 232 1945 271 Ecclesiam

1148 282 1294 328 recipere
1313 303 1323 320 ,
1346 293 1432 315 mera
1453 281 1612 327 Baptismi
1636 280 1824 329 profanatio
1857 287 1945 320 estet.

1150 330 1256 375 Qod
1270 329 1292 364 si
1307 330 1374 370 Diei
1387 329 1558 377 promissio
1571 330 1627 365 sub
1637 334 1726 379 Lege
1747 330 1842 374 fecit,
1864 346 1898 368 vt
1910 348 1947 370 cx

1150 377 1372 414 radicesaneta
1386 380 1558 426 prodirent
1573 378 1818 422 sanctiramissn
1831 381 1886 417 sub
1900 385 1950 418 E-

1150 427 1522 476 uigelioipsmgratiam
1538 430 1799 479 Dtiressringes,
1813 431 1949 467 veltffi-

1152 479 1274 511 caciatn
1288 483 1415 513 minues
1426 478 1620 525 adoptionis
1637 478 1834 515 testimonio
1847 506 1856 522 ‚
1879 495 1949 530 quo

1151 527 1246 561 Deus
1259 524 1400 562 infrntes
1413 525 1575 575 insignit?
1600 525 1746 563 Infantes
1758 531 1879 565 ostano
1894 533 1949 566 die

1152 577 1333 610 circuncidi
1348 579 1416 611 Lex
1426 576 1574 611 iubebat.
1585 588 1696 624 quaero
1707 601 1717 618 ‚
1729 576 1869 614 fueritne
1881 584 1950 616 Le-

1151 626 1270 673 gitima
1283 626 1316 659 in
1328 625 1503 660 Ecclesiam
1516 627 1582 665 Dei
1595 628 1647 660 illa
1662 626 1796 663 insitio?
1815 628 1860 663 Et
1874 631 1948 677 quis

1151 686 1272 722 negare
1282 675 1398 719 audeat
1415 676 1544 723 ?Atqui
1554 674 1681 711 sanstos
1692 676 1734 711 ab
1749 688 1843 712 vtero
1857 676 1949 714 fuisse

1151 725 1317 771 Scriptura
1330 726 1699 772 pronuntiat,quatcnus
1712 738 1749 761 ex
1760 725 1873 762 saneto
1888 740 1951 776 ge-

1151 784 1230 808 nere
1241 777 1306 808 erit
1320 775 1500 821 progeniti:
1517 787 1637 821 nempe
1648 787 1712 822 qua
1723 778 1853 811 ratione
1864 779 1951 812 Pau-—

1153 822 1202 857 lus
1215 821 1317 858 hodie
1330 820 1458 857 sanetos
1468 822 1616 858 fidelium
1626 824 1751 859 liberos
1765 823 1826 860 esse
1837 826 1950 862 docet.

1152 872 1296 906 Perinde
1305 884 1413 907 autem
1425 873 1641 908 ratiocinatur
1653 867 1904 922 vvestphaius,
1914 889 1952 912 ac

1154 919 1177 955 si
1190 922 1268 955 Deo
1281 921 1423 959 liberum
1441 934 1510 955 non
1533 920 1609 956 esset
1626 924 1791 971 gradatim
1816 921 1925 960 suoru*

1155 968 1288 1005 salutem
1308 969 1477 1018 perficere.
1497 971 1572 1019 Ego
1584 984 1692 1007 autem
1705 973 1782 1009 dico
1793 972 1890 1009 inseri
1903 935 1953 1010 [21

1156 1020 1302 1054 cundum
1315 1020 1396 1067 quid
1410 1021 1443 1054 in
1461 1019 1660 1060 Ecclesiam,
1673 1022 1730 1068 qui
1750 1021 1880 1058 diuerso
1897 1036 1953 1059 re-

1157 1067 1266 1115 spefitu
1277 1070 1367 1117 prins
1379 1069 1443 1103 iani
1457 1067 1584 1104 fuerant
1597 1069 1700 1104 insiti.
1730 1072 1849 1119 Neque
1859 1074 1953 1110 enim

1156 1119 1225 1153 Dei
1235 1115 1408 1166 promissio
1423 1118 1543 1152 nullius
1557 1121 1722 1154 momenti
1734 1121 1798 1161 est,
1818 1123 1898 1168 quin
1911 1122 1954 1159 ad

1157 1180 1273 1202 eorum
1287 1167 1422 1202 salutem
1434 1164 1588 1208 sufficiat,
1612 1180 1696 1215 quos
1718 1181 1886 1217 nuncupat
1909 1171 1954 1207 fi-

1158 1218 1221 1251 lios
1234 1221 1265 1254 &
1278 1217 1435 1252 haeredes.
1459 1218 1532 1252 Hac
1547 1216 1669 1253 fiducia
1683 1218 1771 1254 recte
1783 1219 1820 1254 ad
1833 1221 1954 1268 Bapti-

1159 1265 1263 1301 smum
1277 1265 1382 1301 afferri
1393 1267 1570 1314 dico‚quos
1582 1268 1645 1302 iam
1659 1268 1752 1302 Deus
1764 1267 1823 1302 sibi
1836 1269 1954 1305 conse·

1158 1317 1274 1351 crauit.
1288 1316 1353 1351 Hic
1365 1316 1516 1361 nondum
1531 1317 1571 1350 de
1581 1329 1693 1351 arcana
1705 1318 1869 1353 electione
1879 1319 1955 1368 agi-

1158 1376 1212 1400 tur
1221 1389 1232 1406 ,
1253 1363 1304 1400 sed
1315 1368 1356 1400 de
1366 1362 1507 1412 patefaer
1517 1379 1524 1398 ι
1537 1377 1594 1413 per
1605 1365 1742 1401 verbum
1753 1367 1952 1414 adoptione,

1157 1426 1230 1464 quae
1242 1412 1384 1450 infantes
1399 1415 1550 1449 nondum
1563 1425 1659 1449 natos
1673 1413 1862 1452 [merificat.
1889 1418 1955 1452 Sed

1158 1466 1235 1513 quia
1247 1463 1432 1512 Baptismus
1444 1462 1564 1498 selenis
1575 1466 1705 1512 agnitio
1717 1465 1843 1514 est‚qua
1857 1468 1952 1502 Deus

1158 1514 1283 1550 liberos
1306 1512 1381 1548 suos
1403 1515 1438 1548 in
1455 1514 1531 1548 vitae
1555 1512 1786 1560 possessionem
1805 1515 1954 1557 deducit,

1159 1576 1235 1600 vera
1246 1569 1278 1600 δι
1289 1561 1402 1598 efficax
1412 1561 1639 1610 promissionis
1661 1563 1855 1613 obsignatio
1873 1589 1883 1606 ‚
1899 1567 1956 1614 pi-

1159 1625 1243 1663 gnus
1255 1612 1346 1648 sacrae
1359 1625 1433 1648 curn
1447 1612 1584 1648 Christo
1599 1614 1870 1654 coniunctionis,
1880 1628 1956 1650 me-

1160 1663 1228 1698 rito
1247 1661 1405 1712 ingressus
1423 1666 1455 1698 δι
1475 1663 1625 1710 receptio
1647 1664 1680 1697 in
1695 1663 1873 1698 Ecclesiam
1894 1662 1956 1699 esse

1161 1713 1296 1748 dicitur.
1327 1712 1372 1747 Et
1383 1713 1459 1759 quia
1476 1722 1608 1746 mortua
1626 1724 1695 1747 non
1716 1711 1790 1748 sunt
1814 1713 1956 1759 Spiritus

1161 1759 1262 1797 sanffi
1271 1774 1395 1808 organa
1406 1784 1416 1801 ‚
1433 1760 1508 1796 vere
1520 1773 1576 1809 per
1588 1759 1790 1809 Baptismum
1804 1760 1908 1798 efficit
1919 1775 1956 1798 ac

1162 1811 1289 1859 praestat
1311 1812 1405 1846 Deus
1428 1811 1521 1858 quod
1541 1809 1672 1859 figurat.
1694 1812 1790 1846 Hanc
1808 1813 1956 1862 regulam

1162 1861 1221 1895 nisi
1233 1861 1387 1896 admittat
1400 1859 1637 1908 VVestphalus
1650 1883 1661 1900 ‚
1681 1860 1778 1896 stulte
1795 1866 1828 1898 δι
1840 1872 1955 1908 praeter
2006 1874 2011 1878 ⁴

1162 1910 1325 1945 rationem
1337 1911 1525 1956 expefiarfit
1538 1908 1711 1956 Apostoli,
1722 1910 1801 1944 dum
1814 1909 1874 1953 filii
1886 1909 1955 1946 Dei

1163 1959 1281 1994 fierent
1294 1971 1380 2006 quos
1390 1958 1502 2007 postea
1513 1959 1675 2005 recepturi
1686 1957 1725 1993 ad
1746 1958 1955 2006 Baptismum

1161 2020 1265 2043 erant.
1296 2010 1387 2044 Nam
1399 2007 1574 2042 secundum
1586 2007 1654 2040 eius
1667 2006 1790 2055 dogma
1800 2019 1956 2042 antener-

1162 2068 1230 2092 tere
1244 2056 1395 2095 decebat,
1408 2069 1450 2090 ne
1461 2055 1484 2090 si
1495 2056 1631 2090 Sanetos
1643 2055 1675 2088 in
1687 2056 1852 2103 gremium
1865 2055 1956 2092 suurn

1161 2107 1321 2154 reciperet
1333 2104 1475 2140 Ecclesia
1487 2128 1496 2144 ,
1508 2103 1723 2151 superuacuus
1742 2103 1818 2140 esset
1836 2107 1955 2154 Bapti-

1161 2154 1259 2189 smus.
1283 2154 1357 2190 Nisr
1378 2153 1465 2188 forte
1484 2153 1598 2187 eadem
1608 2154 1857 2203 aequitate‚qua
1875 2156 1953 2203 pios

1163 2203 1285 2239 Christi
1306 2204 1414 2238 exules
1435 2199 1766 2251 prohibuithospitio
1779 2226 1790 2243 ,
1810 2203 1827 2239 ὲ
1846 2216 1953 2253 regno

1163 2254 1326 2287 coelorum
1349 2252 1545 2286 exterminet
1564 2251 1621 2298 qui
1640 2252 1707 2286 Dei
1720 2254 1842 2299 Spiritu
1855 2266 1889 2288 re
1915 2267 1954 2290 e·-

1162 2303 1225 2336 niti
1241 2301 1322 2336 sunt.
1355 2302 1536 2335 Cornelius
1549 2312 1622 2334 cum
1635 2301 1696 2335 suis
1707 2311 1882 2350 antequam
1917 2315 1957 2337 a-

1162 2350 1490 2399 ptizareturdonatus
1507 2349 1631 2397 Spiritu
1651 2347 1762 2385 san&0
1782 2374 1792 2391 ‚
1813 2352 1956 2387 Samiko-

1162 2413 1230 2434 rum
1250 2398 1435 2448 insignibus
1454 2408 1589 2434 ornatus
1606 2422 1616 2440 ‚
1638 2399 1760 2435 merito
1782 2401 1868 2435 inter
1888 2401 1958 2437 Dei

1162 2448 1252 2484 filios
1266 2450 1377 2483 locum
1390 2449 1532 2496 aliquem
1551 2447 1697 2483 tenebat.
1731 2448 1956 2497 Baptismum,

1162 2499 1221 2546 qui
1233 2496 1698 2545 deindeaccessitmreposterfi
1712 2496 1808 2534 faciat
1821 2500 1958 2536 VVest-

1163 2549 1276 2596 phalus
1288 2545 1411 2582 necesse
1420 2545 1465 2581 est
1477 2570 1486 2586 ‚
1505 2546 1527 2581 si
1541 2559 1609 2581 non
1622 2547 1692 2583 vult
1706 2546 1766 2582 nisi
1784 2559 1957 2583 extraneos

1161 2597 1306 2632 admitti.
1322 2597 1492 2631 Friuolum
1507 2607 1617 2630 tamen
1631 2596 1755 2631 interea
1767 2598 1811 2632 est
1822 2597 1958 2637 cauillfi,

1162 2646 1342 2682 includere
1353 2645 1513 2693 ambiguo
1524 2643 1695 2683 sermone,
1709 2657 1745 2679 ac
1764 2644 1786 2680 si
1807 2647 1957 2694 receptio

1161 2707 1233 2744 quae
1253 2694 1292 2730 fit
1319 2707 1376 2742 per
1395 2695 1422 2729 B
1446 2695 1621 2742 pristinum,
1642 2693 1726 2729 nihil
1746 2695 1834 2730 aliud
1856 2694 1958 2737 foret,

1161 2745 1262 2793 quam
1290 2756 1423 2779 externa
1449 2756 1559 2779 coram
1588 2742 1784 2778 hominibus
1812 2744 1964 2780 declara-⁷

1159 2796 1211 2830 tio
1227 2793 1409 2841 :siquidem
1422 2793 1528 2841 palam
1545 2789 1675 2828 affirmo
1688 2816 1699 2832 ‚
1717 2792 1817 2828 nobis
1836 2794 1870 2829 in
1889 2795 1959 2830 Ba-

1160 2842 1284 2892 ptismo
1294 2855 1368 2879 cum
1379 2844 1457 2878 Deo
1469 2841 1530 2877 esse
1541 2843 1791 2890 negotium‚qui
1802 2854 1871 2877 non
1882 2855 1958 2878 mo.

1161 2893 1207 2928 do
1220 2904 1392 2941 paternum
1404 2904 1552 2926 amorem
1566 2891 1729 2931 testando,
1742 2890 1845 2927 fidem
1854 2891 1956 2927 nobis

1129 2978 1142 2991 Ι,
1160 2941 1250 2977 suam
1260 2940 1390 2989 obligat
1401 2965 1411 2980 ,
1424 2952 1460 2976 vt
1472 2941 1512 2975 de
1521 2939 1620 2976 salute
1631 2939 1742 2976 nostra
1753 2941 1846 2976 certo
1857 2939 1956 2976 simus

1160 2989 1367 3040 persuasi‚sed
1378 2991 1478 3026 etiarn
1492 2990 1584 3037 quod
1598 3002 1655 3037 per
1668 2989 1810 3025 ministri
1820 3001 1957 3026 manum

1161 3040 1295 3088 figurat,
1306 3039 1374 3087 ipse
1385 3040 1474 3074 intus
1485 3038 1536 3074 sua
1552 3040 1675 3086 virtute
1685 3037 1798 3074 sancit.
1818 3041 1901 3086 Atq3
1910 3039 1955 3076 ita

1162 3089 1341 3124 discutitur
1359 3089 1457 3124 altera
1470 3089 1633 3123 calumnia
1643 3111 1653 3127 ‚
1675 3087 1734 3123 vbi
1747 3086 1828 3132 dicit
1838 3087 1956 3136 Qs.

1161 3139 1236 3174 darn
1248 3149 1286 3173 ex
1297 3137 1417 3173 nostris
1430 3138 1509 3172 dum
1519 3136 1661 3172 infantes
1673 3160 1684 3175 ,
1703 3136 1760 3183 qui
1779 3146 1856 3171 ante
1869 3148 1958 3173 tem-

1160 3199 1241 3235 pora
1252 3198 1371 3222 aetetna
1383 3187 1534 3234 adoptati
1547 3188 1614 3220 erait
1626 3187 1660 3221 in
1671 3185 1888 3224 filios,tradfit
1899 3187 1956 3222 vi.'

1160 3236 1297 3272 sibiliter
1309 3236 1431 3271 deinde
1440 3234 1577 3270 inseriin
1591 3233 1716 3271 Christi
1727 3247 1957 3284 corpus‚para.

1161 3286 1246 3323 doxa
1256 3285 1405 3335 ingerere
1415 3296 1485 3334 quae
1494 3287 1620 3334 pugnat
1640 3285 1682 3320 εὖ
1691 3282 1800 3320 verbis
1812 3284 1953 3321 Christi.

1879 3335 1952 3382 Q1
