2113 3674
298 161 367 196 204
597 145 882 184 RESPON·
935 146 1235 183 CONTRA
1281 148 1603 184 PIGHIVM

300 215 346 248 rei
357 213 451 248 simus
461 223 591 251 omnes,
603 213 636 246 in
645 211 705 245 hac
717 207 918 251 neceffitate,
929 223 993 258 qua
1005 223 1089 246 eon-

303 263 517 311 stringimur,
531 262 607 295 dico
618 270 724 294 extare
735 259 934 294 luculentam
954 260 1088 294 damna—

306 312 411 346 tionis
421 310 537 346 nostrae
550 306 874 343 causamffllurimi‘im
884 310 985 356 igitur
997 308 1090 344 abes-

302 359 384 400 se,vt
396 360 435 394 ad
445 356 688 392 excusationem
701 357 816 391 valeat.
826 355 897 398 ¹Hic
907 360 940 392 in
954 357 1089 392 cachin-

303 421 364 443 nos
375 419 463 442 totus
473 406 611 454 Pighius
623 403 779 441 soluitur:
793 406 886 453 quod
904 418 971 442 tani
994 406 1090 441 nihili

303 458 433 492 ratione
443 468 494 489 me
505 452 648 502 elapsum
659 453 720 490 esse
730 455 911 490 confidam.
935 456 997 490 Sed
1009 455 1091 502 quid

302 505 403 540 habet
413 502 480 550 ipse
492 504 584 551 quod
593 506 770 550 opponat?
784 506 883 539 Suum
894 503 975 538 illud
990 505 1092 538 toties

302 553 481 600 repetitum
503 565 633 587 carmen
654 554 781 588 occinit
797 566 805 587 t
825 554 872 588 Ex
892 552 1042 586 Patribus
1062 550 1093 586 se

301 600 491 637 monstrasse
501 625 510 640 ,
522 600 594 636 fruss
601 601 635 636 ra
646 601 754 637 datam
767 599 828 636 esse
838 604 963 648 Legem
974 624 985 641 ‚
996 600 1017 635 si
1027 603 1093 635 im-

300 651 534 698 pleritiequeat
547 651 680 685 :locum
695 663 755 685 nec
768 651 889 684 merito
902 661 962 683 nec
976 649 1092 684 deme-

301 701 370 734 rito
383 696 453 733 fore
463 723 474 739 ,
486 699 544 734 nisi
555 711 622 734 tam
635 699 674 734 ad
688 699 817 733 bonum
830 722 840 737 ‚
853 699 955 745 quarn
966 698 1006 733 ad
1020 711 1093 733 rna-

302 749 372 783 lum
384 747 487 782 libera
497 747 534 783 sit
547 750 708 784 voluntas.
729 753 842 794 Atque
855 758 890 781 vt
903 747 1094 784 multitudi-

301 810 344 832 ne
354 796 486 831 testium
499 810 561 831 nos
579 797 697 832 obruat
709 819 720 835 ,
735 806 840 830 totam
860 797 948 830 illam
961 819 971 834 ‚
992 808 1093 843 quam

300 846 377 881 ante
385 845 761 886 recesuimus,cateruam
773 843 910 892 profert.
932 845 1038 887 Quod
1053 845 1094 880 ad

299 896 461 937 laruarum
474 896 568 930 illum
580 898 763 932 Petrum,&
772 893 1095 929 fiffiriurnClemen-

301 956 372 979 tem
383 942 507 991 spe6tat
516 967 526 983 ‚
538 941 715 978 facessante
727 943 853 978 medio.
875 944 968 977 Nam
979 943 1050 977 illas
1061 944 1092 977 i-

299 994 429 1041 neptias
448 993 552 1028 verbo
573 1005 641 1027 vno
661 1004 730 1026 non
742 991 920 1039 dignabor.
947 993 1003 1026 De
1022 992 1093 1028 aliis

300 1043 367 1077 iam
380 1041 459 1082 dixi,
469 1053 629 1089 quantum
641 1037 788 1076 sufficiat.
805 1043 1004 1088 anuam
1016 1041 1093 1075 nul-

300 1091 350 1126 lus
369 1089 416 1126 est
435 1091 580 1139 ipsorum
600 1091 755 1124 omnium
773 1093 894 1124 certior
916 1092 1092 1138 interpreS,

298 1140 400 1188 quam
415 1140 615 1187 Augustinus
628 1162 638 1178 ,
660 1139 740 1174 dum
752 1137 839 1174 suam
862 1140 895 1173 in
914 1140 1089 1174 communi

300 1188 390 1224 causa
402 1201 548 1224 mentem
560 1189 709 1235 exponit.
739 1188 843 1236 Qd
854 1189 943 1222 enim
957 1188 1093 1229 dixerat,

300 1251 370 1273 non
381 1236 470 1285 posse
483 1237 627 1272 inueniri
638 1238 738 1284 culpae
757 1237 922 1271 rationem
933 1260 943 1275 ,
957 1236 1016 1271 vbi
1035 1249 1093 1272 na-

300 1298 371 1322 tura
383 1286 574 1321 dominatur
583 1296 638 1320 aut
649 1284 816 1320 necessitas
829 1309 840 1325 ,
853 1285 984 1320 nonnisi
996 1286 1030 1320 in
1043 1287 1093 1321 sa-

299 1348 349 1371 nae
360 1340 393 1372 δι’
404 1338 540 1383 integrae
558 1345 678 1370 naturae
693 1334 959 1370 consideratione
982 1335 1092 1371 valere

298 1383 667 1420 admonet.Necessitati
677 1385 766 1418 enim
776 1396 843 1418 non
852 1383 1016 1419 subiacere
1026 1383 1093 1419 ho-

300 1436 429 1474 mines,
445 1433 498 1470 sed
517 1444 616 1480 quarn
635 1431 696 1467 sibi
716 1434 901 1468 voluntaria
911 1433 1004 1480 culpa
1021 1435 1091 1480 pri-

301 1495 374 1518 mus
385 1483 491 1518 homo
503 1483 715 1518 contraxerit.
746 1483 886 1521 Natura,
897 1483 1090 1529 inquit‚no-

301 1531 353 1568 bis
365 1531 447 1567 faeta
459 1529 518 1572 est,
531 1543 640 1579 poena.
650 1531 694 1565 Et
703 1531 851 1566 vindhsta
861 1531 962 1578 primi
975 1530 1093 1567 homi-

248 1622 251 1625 ⁴
304 1582 356 1617 nis
366 1581 459 1629 quod
469 1592 536 1615 erat
548 1593 646 1628 poena
655 1603 665 1619 ‚
679 1579 778 1614 nobis
791 1591 903 1614 natura
915 1579 972 1614 est.
1001 1579 1093 1616 Cum

303 1643 384 1678 ergo
407 1627 574 1665 necessitas
596 1630 722 1677 peccati
739 1628 778 1663 sit
791 1641 889 1676 poena
898 1652 909 1669 ,
931 1639 1003 1676 quae
1015 1629 1094 1664 inde

302 1682 456 1715 oriuntur
465 1689 595 1726 peccata
605 1701 615 1717 ,
627 1677 749 1712 merito
760 1678 883 1726 culpari
896 1701 905 1715 ‚
931 1682 964 1714 &
976 1690 1094 1713 eorum

303 1730 431 1777 culpam
443 1727 565 1762 merito
577 1728 732 1773 imputari
752 1725 968 1762 hominibus:
985 1739 1094 1775 quan-

304 1777 349 1813 do
362 1777 587 1812 voluntarium
599 1776 644 1811 est
679 1776 869 1824 rincipium.
899 1777 1002 1811 Nunc
1013 1787 1095 1823 ergo

303 1827 386 1874 quid
398 1824 494 1861 causae
504 1824 562 1864 est,
575 1837 631 1860 cur
643 1789 844 1859 {glutionem
858 1825 876 1859 a
889 1837 942 1859 rne
954 1823 1096 1871 positam

305 1886 400 1910 tanto
421 1873 501 1909 fastu
523 1884 715 1909 contemnat
737 1887 772 1908 ac
784 1873 931 1908 derideat
941 1872 1097 1921 Pighius?

305 1923 529 1973 Augustinum
546 1924 693 1962 omitto,
713 1935 782 1957 non
801 1923 910 1957 minus
929 1934 1095 1970 argutum,

305 1975 430 2021 opinor
442 1996 452 2012 ,
465 1972 673 2007 dialecticum
684 1996 693 2011 ‚
708 1972 809 2019 quim
824 1970 861 2006 sit
871 1971 1026 2018 Pighius:
1038 1972 1096 2018 qui

307 2022 367 2057 hac
378 2032 431 2056 aut
445 2022 500 2056 tali
513 2019 723 2067 responsione
743 2020 817 2055 data
828 2043 839 2060 ,
859 2018 890 2054 se
902 2018 1097 2055 defunctum

309 2082 413 2119 putat.
446 2070 652 2117 Sed-pietatis
663 2067 788 2104 sensum
808 2066 1037 2109 consulamus,
1055 2075 1097 2102 a'n

310 2133 379 2155 non
392 2119 464 2155 satis
473 2118 537 2152 hoc
556 2117 595 2152 sit
605 2118 645 2153 ad
655 2117 803 2152 hominis
812 2128 936 2152 reatum
948 2141 958 2157 ,
968 2118 1025 2152 vbi
1045 2116 1099 2153 sua

311 2170 406 2216 culpa
426 2166 553 2216 periisse
571 2167 796 2202 conuincitur.
822 2167 945 2214 Neque
961 2168 1099 2201 enimai-

313 2219 355 2252 lia
366 2218 528 2265 populum
541 2215 630 2250 suum
643 2213 848 2250 accusatione
858 2216 980 2263 premit
992 2216 1098 2255 Deus,

186 2284 301 2321 ose-139
315 2268 388 2302 cum
402 2267 504 2301 dicit:
527 2265 674 2299 Perditio
687 2275 741 2300 tua
760 2263 876 2299 Israel:
897 2266 932 2299 in
955 2277 1006 2299 me
1025 2276 1100 2299 tan-

313 2315 493 2352 tummodo
506 2314 664 2348 auxilium
673 2324 781 2348 tuum.
812 2315 859 2347 At
874 2314 1035 2360 populum
1056 2314 1100 2348 il-

311 2368 354 2402 lic
365 2365 471 2412 arguit
483 2387 494 2403 ‚
511 2363 569 2410 qui
589 2361 693 2396 verbo
713 2362 770 2397 suo
787 2360 1017 2409 obtemperare
1035 2375 1101 2396 rio—

312 2418 414 2450 luerat
426 2438 434 2447 .
462 2413 579 2446 Fateor
590 2435 601 2451 ,
612 2409 665 2445 sed
677 2410 752 2446 cum
773 2410 1010 2446 vniuersalissit
1027 2410 1099 2445 seri-

311 2466 415 2502 tentia
426 2485 436 2502 ‚
449 2460 631 2495 videndum
643 2483 654 2499 ,
664 2460 744 2506 quid
756 2460 937 2494 contineat.
952 2461 1030 2494 Hoc
1041 2473 1101 2494 au-

314 2526 381 2549 tem
404 2508 627 2559 proculdubio
646 2507 809 2556 significat
827 2531 838 2547 ‚
859 2507 990 2544 destitui
1009 2509 1102 2543 omni

313 2561 521 2597 excusatione
529 2556 742 2597 hominemffl
754 2556 815 2592 sibi
824 2556 913 2592 causa
923 2558 1011 2602 exitij
1022 2555 1103 2592 fuis-

313 2611 345 2646 se
368 2607 643 2656 deprehendatur.
665 2609 712 2641 At
731 2605 796 2641 hoc
810 2618 878 2640 tion
889 2606 948 2641 esse
959 2605 1104 2642 causatur

315 2658 453 2707 Pighius
463 2682 473 2697 ‚
486 2656 546 2692 nisi
558 2657 590 2690 ti
602 2653 743 2704 effugere
754 2655 991 2702 perditionem,
1002 2655 1104 2704 quirin

315 2708 453 2757 perdere
464 2705 494 2741 sc
506 2703 615 2753 possit.
629 2706 702 2751 Q
714 2703 756 2738 sic
768 2703 927 2744 balbutit,
940 2705 991 2738 vel
1001 2717 1105 2754 gran·-

315 2759 366 2793 nit
377 2756 499 2804 potius,
510 2753 540 2789 se
552 2755 696 2802 primum
709 2753 789 2788 illud
801 2751 879 2788 fidei
888 2753 1004 2788 nostrae
1012 2755 1105 2789 axio-

315 2820 370 2844 ma
381 2817 450 2840 non
458 2816 570 2840 tenere
581 2803 707 2851 prodit,
719 2813 832 2841 nos‚ac
840 2804 948 2837 totam
961 2802 1104 2838 nostram

316 2855 356 2891 ad
366 2854 452 2889 bene
461 2852 624 2902 agendum
635 2851 838 2890 virtutem‚in
847 2851 955 2886 Adam
967 2852 1103 2897 periiffe.

317 2906 394 2940 Nec
407 2903 488 2938 vero
501 2900 541 2936 ab
554 2913 594 2935 eo
607 2899 637 2935 se
647 2899 824 2935 abhorrere
844 2898 899 2934 hic
916 2898 1103 2937 diffimulat:

318 2954 377 3002 qui
393 2951 495 2988 toties
511 2950 762 2996 corruptionem
784 2961 822 2983 ex
840 2949 950 2996 primo
973 2961 1106 2996 parente

318 3001 604 3039 contrastammon
612 2997 806 3045 alibi,qu5m
816 3000 851 3033 in
862 2997 1020 3033 membris
1029 3011 1106 3034 cor-

319 3052 424 3101 poris,
437 3050 535 3083 locat.

371 3098 479 3147 Qod
491 3097 524 3132 in
537 3095 639 3130 altero
651 3093 805 3130 membro
823 3094 901 3130 dico
918 3093 1038 3130 subesse
1055 3097 1105 3131 vi·

322 3150 405 3185 tium
416 3171 427 3187 ‚
441 3145 498 3182 vbi
510 3155 680 3193 peccatum
693 3144 857 3192 colligunt
867 3145 962 3178 vitari
974 3145 1062 3191 posse
1082 3145 1106 3180 si

323 3196 546 3233 voluntarium
556 3192 602 3229 est
614 3206 622 3227 ι
633 3197 664 3229 &
676 3192 753 3227 ideo
775 3204 1007 3241 argumentum
1019 3196 1105 3229 vale-

325 3259 359 3284 re
369 3257 458 3294 nego
467 3268 479 3287 ,
490 3244 568 3293 quia
578 3241 815 3279 deductionem
824 3239 944 3277 habeat
955 3243 972 3277 a
982 3243 1105 3279 volun-

1135 215 1221 247 tario
1232 212 1270 246 ad
1279 210 1501 247 liberumthoc
1511 223 1546 247 vt
1561 210 1927 269 refellat,Augustinuin

1138 261 1222 294 mihi
1242 263 1361 307 regerit
1382 274 1391 295 t
1412 273 1512 308 quem
1536 260 1660 309 vbique
1678 262 1720 297 sic
1739 264 1927 298 ratiocinari

1139 310 1231 345 dicit.
1254 311 1361 357 Atqui
1375 311 1439 344 iam
1449 311 1552 344 toties
1563 310 1788 359 Augustinum
1801 312 1929 359 produ-

1137 356 1213 393 xisse
1225 357 1283 393 suae
1295 357 1464 393 sententiae
1477 359 1689 406 interpretem
1698 384 1709 400 ,
1731 372 1767 396 vt
1786 362 1929 408 amplius

1137 418 1284 454 repetere
1295 430 1306 447 ,
1317 406 1400 441 mihi
1412 408 1421 440 i
1426 406 1479 454 pse
1491 405 1620 442 fastidio
1631 407 1775 444 simiam
1784 421 1857 457 quae
1867 403 1930 458 pro

1139 453 1190 489 sua
1203 457 1392 503 garrulitate
1410 455 1550 492 subinde
1571 457 1689 492 recinit
1709 457 1846 507 Pighius
1857 481 1868 498 ‚
1889 458 1931 493 de

1139 503 1212 538 sana
1222 510 1255 541 &
1270 505 1398 553 integra
1410 515 1523 540 natura
1534 503 1658 541 scribit.
1688 506 1760 542 Vbi
1769 518 1878 541 autem
1888 507 1932 542 de

1139 552 1258 588 vitiosa
1276 565 1390 588 natura
1410 552 1516 589 sermo
1528 553 1574 589 est
1584 577 1595 594 ,
1608 567 1779 602 peccatum
1791 554 1852 590 esse
1869 567 1930 602 pa-

1139 601 1205 636 lim
1219 603 1411 649 pronuntiat
1421 626 1432 642 ‚
1451 601 1516 637 siue
1526 604 1621 637 vitari
1637 603 1736 651 poffit
1747 627 1757 644 ‚
1777 603 1844 639 siue
1859 615 1930 639 non

1140 649 1252 697 possit.
1282 652 1373 686 Nam
1384 649 1406 685 si
1418 651 1526 698 potest
1535 674 1545 690 ,
1557 653 1692 699 praesens
1704 654 1857 688 voluntas
1865 652 1931 688 hoc
1944 667 2012 697 libr.
2025 664 2066 696 Α(

1141 697 1230 735 facit.
1267 701 1299 734 Si
1311 712 1380 734 non
1391 702 1499 748 potest
1509 725 1516 739 ,
1530 703 1691 748 praeterita
1703 702 1854 738 voluntas
1865 701 1931 736 hoc
1941 708 2039 748 perfiet.

1141 746 1375 784 fecit.Subiicit
1383 761 1491 784 autern
1501 751 1596 784 vitari
1605 748 1762 797 poffe‚sed
1774 754 1821 786 ῃό
1832 750 1930 798 ipsius
1943 750 2004 782 iufi-
2016 758 2056 775 '²‘

1141 796 1289 832 hominis
1303 799 1509 833 virtute:n0n
1522 799 1632 846 qufido
1647 797 1796 847 superba,
1806 801 1930 847 inquit,
1938 790 2019 834 [ἐφ’
2031 795 2055 823 ¹5

1141 847 1290 882 laudatur
1300 847 1466 888 voluntas,
1480 845 1532 882 sed
1542 849 1677 895 quando
1687 848 1824 884 humilis
1834 849 1934 884 adiu-

1141 906 1246 930 uatur.
1272 896 1379 930 Porro
1392 895 1512 930 horum
1520 897 1700 933 verborum
1712 897 1838 934 sensum
1846 896 1888 932 ab
1901 898 1934 932 i-

1141 944 1228 979 nitio
1238 944 1407 991 posuerat:
1431 946 1526 980 vitari
1544 946 1682 993 quidem
1706 945 1795 993 posse
1813 959 1934 994 pecca-

1141 1004 1226 1032 tum,
1237 991 1290 1027 sed
1302 992 1325 1028 si
1337 994 1452 1028 vitiata
1461 1005 1574 1029 natura
1585 995 1674 1041 prius
1688 994 1934 1031 sanetur.Nunc

1141 1042 1225 1077 vero
1235 1041 1341 1076 sanam
1351 1055 1420 1076 non
1433 1040 1494 1076 esse
1503 1066 1514 1082 ‚
1531 1051 1592 1077 aut
1603 1045 1682 1090 quia
1692 1044 1785 1090 quod
1808 1043 1935 1080 facien-

1141 1091 1221 1127 dum
1240 1090 1297 1129 est,
1310 1092 1454 1126 caecitate
1465 1104 1534 1126 non
1547 1091 1639 1126 videt
1650 1117 1660 1133 ,
1670 1105 1725 1126 aut
1738 1091 1935 1128 infirmitate

1141 1153 1211 1174 non
1223 1140 1352 1187 implet.
1371 1139 1465 1187 Qid
1478 1139 1528 1174 his
1538 1142 1654 1175 clarius
1665 1139 1851 1176 desideres?
1864 1144 1936 1177 Ve-

1141 1188 1215 1224 rum
1227 1188 1358 1224 abunde
1370 1187 1430 1222 sibi
1441 1188 1481 1223 ad
1494 1190 1669 1225 vietoriam
1682 1188 1743 1225 effe
1753 1201 1846 1238 putat
1854 1191 1938 1239 Pig-

1141 1236 1253 1278 hius‚si
1264 1237 1442 1284 Augustini
1453 1239 1586 1273 titulum
1599 1251 1739 1287 quoquo
1751 1240 1856 1275 modo
1868 1252 1935 1274 no-

1141 1287 1194 1322 bis
1206 1285 1412 1334 opposuerit.

1189 1337 1361 1383 Qniam
1374 1346 1484 1369 autern
1497 1336 1565 1369 eius
1577 1335 1798 1372 distinctionis
1822 1334 1935 1384 saepius

1141 1385 1206 1420 iam
1215 1386 1545 1432 meminimus,quam
1556 1397 1619 1418 nos
1630 1387 1716 1420 inter
1724 1386 1937 1421 coaffionem

1141 1439 1173 1471 &
1187 1432 1409 1469 neceffitatem
1424 1432 1594 1468 statuimus
1605 1457 1616 1473 ‚
1628 1434 1717 1469 vnde
1726 1434 1850 1482 pendet
1862 1447 1937 1470 ma-

1141 1484 1205 1518 iori
1214 1496 1251 1518 ex
1261 1494 1354 1530 parte
1363 1482 1430 1516 haec
1441 1480 1730 1531 quaestio‚e:imque
1741 1495 1810 1518 non
1821 1483 1882 1518 nisi
1894 1496 1938 1518 o-

1141 1531 1228 1568 biter
1238 1528 1521 1580 attigimus‚paulo
1530 1532 1726 1580 diligentius
1737 1544 1825 1567 nunc
1837 1544 1938 1567 excu-

1142 1581 1255 1615 tienda
1265 1580 1364 1614 nobis
1375 1579 1432 1615 est.
1460 1581 1551 1615 Nam
1565 1585 1597 1616 &
1620 1581 1696 1615 cum
1710 1593 1781 1616 eam
1800 1580 1939 1629 Pighius

1142 1628 1174 1665 su
1181 1631 1311 1677 periore
1322 1628 1410 1664 libro
1423 1628 1630 1677 improbaret
1639 1654 1650 1669 ,
1663 1627 1890 1665 defensionem
1903 1632 1941 1665 in

1142 1677 1231 1714 hunc
1241 1679 1354 1713 locum
1365 1677 1566 1713 distulimus.
1587 1679 1724 1726 Negant
1734 1691 1814 1727 ergo
1827 1680 1885 1727 qui
1895 1680 1941 1714 li-

1142 1726 1260 1763 berum
1271 1726 1444 1762 arbitrium
1463 1738 1579 1762 contra
1599 1729 1666 1762 Dei
1681 1729 1818 1776 gratiam
1831 1738 1941 1763 :tuen-

1142 1788 1208 1817 tur,
1222 1787 1396 1824 peccatum
1406 1787 1462 1810 aut
1472 1777 1597 1811 virtute
1607 1775 1687 1816 esse,
1698 1775 1755 1810 vbi
1768 1776 1814 1812 est
1824 1774 1939 1812 neces-

1144 1824 1612 1872 sitas.Respondemus‚Deum
1621 1823 1797 1860 necessario
1808 1825 1939 1861 bonum

1145 1873 1206 1909 esse
1216 1899 1225 1914 ,
1236 1872 1345 1909 nihilo
1354 1885 1465 1909 tamen
1477 1877 1642 1909 minorem
1654 1886 1693 1908 ex
1704 1873 1857 1908 bonitate
1866 1875 1939 1909 lau-

1145 1923 1222 1958 dem
1238 1923 1416 1970 consequi,
1427 1924 1503 1970 quia
1513 1936 1582 1958 non
1595 1921 1654 1957 nisi
1663 1921 1773 1956 bonus
1785 1922 1847 1957 esse
1859 1921 1940 1970 pos-

1145 1971 1195 2006 sit.
1209 1972 1345 2011 Rursus,
1358 1972 1530 2007 diabolum
1543 1970 1720 2006 necessario
1730 1972 1853 2006 malum
1864 1970 1938 2006 esse:

1145 2020 1254 2055 nihilo
1267 2031 1378 2055 tamen
1391 2022 1499 2055 minus
1512 2018 1664 2056 vitiosam
1673 2017 1735 2055 esse
1760 2021 1828 2054 eius
1840 2021 1940 2055 mali-

1144 2071 1366 2116 tiam.Neque
1377 2069 1411 2104 id
1424 2071 1466 2104 est
1479 2068 1628 2104 nostrum
1638 2070 1940 2104 commentum-Sic

1146 2130 1222 2153 ante
1230 2131 1292 2153 nos
1317 2117 1522 2166 Augustinus
1532 2142 1542 2157 ,
1560 2117 1602 2152 sie
1611 2116 1796 2152 Bernardus
1807 2141 1816 2156 ‚
1834 2117 1942 2154 locuti

1146 2166 1232 2202 sunt.
1259 2167 1352 2213 Qid
1365 2167 1526 2215 Pighius?
1540 2168 1653 2201 Deum
1668 2165 1789 2201 habere
1809 2164 1940 2213 separa-

1147 2227 1214 2250 tam
1228 2216 1246 2251 Ξι
1259 2217 1413 2250 creaturis
1426 2217 1603 2250 rationem.
1616 2215 1706 2250 Nam
1718 2215 1812 2263 quod
1822 2214 1874 2250 his
1886 2216 1942 2251 in-

1147 2266 1194 2301 est
1205 2277 1243 2299 ex
1256 2265 1461 2300 conditionis
1473 2262 1670 2304 necessitate,
1681 2275 1752 2298 non
1763 2264 1803 2299 ad
1814 2276 1940 2305 earum,

1148 2312 1202 2348 sed
1215 2314 1420 2348 Deilaudern
1433 2313 1610 2361 pertinere,
1629 2325 1665 2347 ea
1676 2312 1809 2347 tantum
1822 2314 1943 2348 mereri

1149 2363 1182 2396 in
1193 2363 1257 2396 illis
1268 2361 1485 2409 laudeiii‚quae
1494 2361 1734 2401 sibi‚talentum
1746 2360 1764 2395 a
1775 2363 1854 2396 Deo
1866 2373 1942 2396 ere-

1149 2411 1257 2446 ditum
1269 2411 1466 2451 excolendo,
1477 2409 1708 2458 acquisierunt.
1736 2411 1848 2445 Huius
1859 2421 1942 2446 vero

1148 2461 1244 2494 aliam
1258 2459 1319 2495 esse
1330 2460 1548 2499 rationem‚vt
1562 2460 1652 2493 cuius
1664 2457 1795 2493 infinita
1807 2458 1942 2494 bonitas

1149 2506 1262 2543 referri
1271 2509 1337 2543 alio
1348 2521 1416 2543 non
1427 2507 1706 2557 potest.Hoccine
1718 2508 1762 2542 est
1773 2505 1942 2543 subuerte-

1150 2570 1184 2592 re
1195 2558 1287 2605 quod
1300 2558 1697 2594 dicimus?Voluntatiutn
1709 2568 1784 2591 cum
1797 2555 1941 2592 necessa-

1150 2608 1202 2642 rio
1214 2606 1354 2641 minime
1368 2607 1560 2646 conuenire,
1567 2616 1763 2652 extorquere
1776 2605 1872 2640 voli‘it
1879 2606 1941 2641 ad-

1152 2655 1293 2700 uersarij.
1307 2656 1385 2690 Nos
1395 2667 1505 2690 autern
1518 2656 1660 2701 vtri‘ique
1671 2653 1766 2689 simul
1779 2656 1941 2703 cogruere

1152 2705 1187 2739 in
1199 2705 1267 2740 Dei
1284 2703 1437 2739 bonitate
1448 2703 1666 2739 ostendimus.
1677 2700 1868 2738 Absurdum
1879 2701 1942 2739 esse

1153 2754 1297 2792 dici'it‚vt
1311 2753 1410 2792 vitio,
1420 2765 1473 2788 aut
1483 2753 1585 2800 culpae
1599 2752 1718 2787 dentur
1729 2750 1942 2793 hominibus,

1152 2813 1224 2850 quae
1237 2801 1278 2836 sic
1290 2799 1426 2842 faciunt,
1439 2813 1475 2837 vt
1484 2802 1577 2836 aliter
1589 2811 1765 2849 nequeant.
1777 2801 1868 2841 Nos,
1878 2800 1942 2836 ad-

1154 2852 1250 2886 duRa
1260 2849 1725 2890 similitudine‚absurditatem
1738 2849 1823 2885 hanc
1837 2849 1942 2885 dilui-

1154 2900 1327 2935 mus.Non
1336 2897 1699 2939 ratiocinainur‚bonos
1710 2899 1790 2933 ideo
1802 2908 1857 2934 aut
1867 2911 1941 2934 ma-

1153 2950 1204 2984 los
1214 2947 1390 2984 necessario
1410 2946 1472 2983 effe
1482 2948 1636 2983 homines
1646 2971 1657 2987 ‚
1669 2947 1746 2995 quia
1764 2945 1942 2984 necessario

1153 2997 1262 3033 bonus
1275 2996 1314 3032 sit
1327 2998 1433 3037 Deus,
1443 2997 1497 3032 sed
1507 2995 1636 3032 tanturn
1650 2995 1800 3043 exemplo
1811 2995 1941 3032 indi'ca·

1155 3046 1405 3088 musmonadeo
1419 3046 1436 3080 ἓι
1447 3048 1574 3080 ratione
1585 3043 1822 3080 dissentaneum
1829 3042 1942 3084 esse‚vt

1153 3096 1249 3132 laude
1260 3105 1314 3130 aut
1326 3095 1492 3142 vituperio
1506 3096 1644 3142 dignum
1656 3091 1834 3134 censeatur,
1847 3094 1943 3141 quod

1153 3157 1262 3181 tamen
1272 3142 1448 3179 necessarii'i
1460 3142 1688 3178 est.Caeterum
1700 3142 1793 3190 quod
1805 3142 1846 3177 de
1856 3154 1942 3178 con-

1154 3194 1293 3229 ditionis
1309 3191 1496 3228 necessitate
1516 3189 1769 3239 philosophatur
1786 3190 1941 3238 Pighius,

1152 3243 1188 3279 id
1206 3242 1286 3278 vero
1304 3241 1434 3291 prorsus
1452 3241 1493 3277 ab
1503 3239 1656 3277 instituto
1674 3238 1720 3277 est
1736 3249 1940 3325 εκῑῦηευω.

1826 3299 1938 3334 aturae,
