2113 3674
1532 142 1553 151 xl

666 186 761 221 AD·
815 184 1344 222 VVESTPHALVM.
1759 199 1830 236 939.

180 253 243 288 hoc
256 251 346 288 socio
365 274 375 291 ‚
396 248 532 297 quando
554 246 716 294 pudorem
739 245 831 280 suurn
852 244 974 292 prosti-

179 302 305 338 tuendo
315 325 326 340 ,
343 301 425 334 hanc
447 298 670 346 ignominiam
684 295 789 330 subire
802 308 869 329 non
881 307 975 330 recu-

179 350 297 386 sarunt:
313 361 411 397 quam
423 350 549 382 vtinam
564 346 646 380 mihi
655 347 821 393 integrum
833 342 907 378 essct
921 356 973 378 te-

177 412 270 447 gere:
289 398 347 433 uisi
360 397 453 445 quod
468 397 542 431 caeci
563 394 973 442 impetushancillismer-

176 449 292 484 cedem
306 448 464 482 diuinitus
477 445 612 492 rependi
634 445 755 478 nonita
768 442 906 477 moleste
921 440 971 476 fe-

175 490 472 533 rmAnimaduerso
485 496 581 529 etiam
595 495 626 527 in
639 504 755 526 eorum
770 490 895 537 scriptis
910 502 968 524 ve·-

176 546 336 581 riffimum
353 543 413 578 else
424 544 516 591 quod
530 542 612 576 mihi
632 542 751 575 amicus
765 542 899 586 quidam
912 552 968 574 ce·

176 596 277 630 lebris
290 594 447 628 dossrinae
460 597 491 628 δι
505 590 661 626 facundiae
675 588 797 637 scripsit
807 612 817 628 ,
831 588 968 622 mirabi-

178 645 253 679 liter
265 644 371 678 inillo
384 643 554 677 maritimo
574 641 676 674 tractu
690 638 795 685 siperc
805 637 966 685 quosdam

180 693 334 728 homines
347 715 358 731 ‚
371 702 406 725 Vt
417 690 440 725 si
453 689 554 724 hodie
571 689 659 723 viuat
672 687 791 734 Sibylla
802 688 966 726 Cumana,

177 743 217 777 ad
229 754 285 776 eos
298 740 460 776 mittenda
471 738 595 785 fit,quo
610 737 709 785 sagire
721 735 868 771 disceret.
881 737 966 770 Non

176 791 289 826 minus
309 787 417 825 secure
443 788 662 835 pronuntiant
682 786 734 826 illi,
750 786 906 832 paterculi
926 784 968 819 de

178 839 238 873 hac
250 838 638 884 causa,qu;im'Romanus
651 832 777 880 potifcx
789 847 825 868 ex
835 833 890 868 suo
904 834 965 868 tri-

177 887 289 922 bunali
301 886 546 921 anathematum
564 882 702 918 fulmina
714 884 745 917 in
760 894 863 918 totam
877 883 966 916 Euxi-

177 937 256 985 gelij
268 936 453 971 doetrinam
464 933 583 968 vibrat.
598 935 720 980 Neque
735 931 794 966 hac
805 933 967 979 arrogitia

176 988 329 1020 contenti
348 1007 357 1025 ‚
377 980 551 1018 hominem
571 981 630 1016 fibi
648 982 791 1016 amicum
822 980 966 1015 barbaris

177 1032 574 1080 conuitiisproscindunt.
593 1030 652 1065 acsi
665 1029 732 1065 haec
743 1030 781 1064 ad
796 1030 969 1076 captfidatn'

177 1083 292 1118 seuerae
310 1080 477 1131 grauitatis
495 1078 616 1115 famam
636 1081 764 1127 optima
784 1077 858 1113 esset
869 1080 965 1119 ratio,

177 1134 276 1168 nullis
289 1130 499 1166 contumeliis
512 1130 563 1163 vel
574 1127 703 1175 probris
717 1140 858 1175 parcere.
893 1130 965 1163 Ve-

176 1182 250 1217 rum
262 1181 338 1228 quia
349 1180 413 1215 hoc
425 1178 536 1226 spuere
547 1178 680 1217 estmon
691 1178 797 1224 loqui,
813 1177 966 1211 ridiculas

177 1243 295 1265 eorum
314 1229 460 1264 censuras
473 1238 687 1262 contemnere
696 1225 820 1273 praestat
831 1248 842 1264 ‚
863 1226 963 1272 quam

176 1277 430 1325 cadem‚quibus
442 1278 488 1311 n6
500 1275 558 1310 nisi
571 1274 688 1323 seipsos
701 1274 878 1315 foedarunt,
889 1273 965 1322 spu-

177 1339 210 1363 ta
222 1340 336 1362 eorum·
346 1325 461 1361 faciem
477 1337 636 1372 regerere.

226 1375 393 1412 Caeteriim
415 1375 492 1422 quia
511 1374 668 1408 videntur
691 1372 965 1422 Magdeburgen-

176 1425 224 1462 ses
236 1438 304 1460 non
323 1425 368 1459 ita
389 1421 518 1471 praecise
538 1420 734 1457 sententiam
751 1434 811 1469 pro
835 1424 964 1456 summo

174 1471 425 1522 imperio-ferre
445 1496 455 1512 ,
476 1473 558 1520 quin
574 1471 758 1506 rationibus
780 1471 878 1506 etiam
902 1484 965 1518 pu—

175 1533 300 1572 gnent,
319 1527 351 1559 &
369 1522 510 1569 aliquam
522 1519 700 1555 obseruent
723 1521 882 1555 detstrinae
893 1532 964 1554 me-

176 1573 320 1608 thodum
332 1570 549 1613 ‚excutienda
566 1569 650 1604 mihi
662 1570 721 1604 crit
741 1582 857 1603 eorum
879 1582 962 1604 con-

175 1621 290 1662 feffio‚
309 1632 378 1669 quae
398 1620 420 1655 si
438 1619 544 1654 euersa
561 1616 660 1653 fuerit
672 1642 682 1658 ‚
698 1616 791 1653 facile
811 1616 862 1652 sua
873 1620 965 1652 ruina

175 1671 257 1706 alios
269 1682 388 1705 omnes
397 1679 532 1704 euertet.
556 1669 756 1714 Qanquam
769 1690 778 1705 ,
788 1679 828 1700 ne
842 1665 901 1700 sibi
912 1667 965 1701 vel

177 1720 340 1754 tantulum
355 1718 520 1766 placeant,
533 1729 610 1752 mox
625 1715 829 1764 perspicuum
841 1713 912 1749 fore
923 1728 965 1750 ο-

160 1768 312 1803 *mnibus
323 1765 416 1815 spero
427 1790 437 1807 ‚
451 1777 556 1801 totam
577 1778 691 1800 eorum
705 1764 964 1812 disputationem

173 1829 245 1851 non
257 1816 318 1851 nisi
329 1829 366 1851 ex
376 1814 526 1851 futilibus
548 1815 682 1862 argutiis
698 1813 874 1848 conflatam
890 1812 959 1848 csse.

175 1866 258 1911 styli
274 1865 471 1900 truculentia
488 1863 545 1898 etsi
565 1865 663 1898 initio
675 1861 861 1898 formidinis
875 1875 964 1897 non-

174 1914 260 1949 nihil
279 1911 384 1961 poss‘et
405 1911 608 1959 simplicibus
628 1913 798 1947 incutere:
816 1914 892 1958 quia
912 1923 970 1946 ta-v

175 1975 254 1998 rnen
268 1961 385 2009 postea
407 1963 441 1996 in
464 1962 611 1996 scurriles
629 1960 767 2008 ineptias
785 1960 969 2001 delabitun'

176 2023 233 2046 me
244 2023 313 2045 non
331 2011 425 2045 valde
436 2020 641 2045 commouet.
661 2023 849 2058 quanquam
864 2010 962 2045 dece-

175 2058 233 2097 bat
243 2056 301 2094 suae
311 2059 501 2094 calamitatis
513 2071 674 2093 memores
686 2082 696 2098 ‚
709 2059 806 2106 paulo
816 2059 961 2094 clemen-

175 2108 242 2143 t'ius
254 2119 329 2154 cum
339 2118 393 2141 tot
412 2106 564 2143 Ecclefiis
574 2120 670 2156 agere
681 2131 690 2147 ,
706 2120 843 2156 quarum
853 2109 962 2142 anxias

176 2159 211 2192 δι
223 2155 315 2199 serias
332 2166 444 2203 preces
460 2168 519 2203 pro
533 2157 665 2192 illorum
677 2157 874 2193 liberatione
885 2167 961 2192 toto

179 2204 327 2240 triennio
344 2202 464 2242 affidue
482 2204 543 2239 fibi
560 2203 650 2240 fuiffe
670 2206 795 2242 oblatas
817 2205 905 2241 testis
918 2208 961 2241 est

179 2255 286 2289 Deus.
306 2252 462 2287 Priuatirn
485 2253 548 2287 illis
567 2252 732 2300 displicuit
752 2266 830 2289 meae
845 2265 961 2290 contra

176 2300 431 2349 VVestphalurn
446 2299 661 2336 Defensionis
674 2302 859 2337 austeritas:
873 2304 960 2338 illius

175 2351 302 2386 rabiem
314 2351 534 2397 pronunciarit
543 2349 751 2385 neceffarium
765 2350 825 2386 effe
840 2352 959 2386 zelum.

174 2399 261 2435 m'ihi
281 2399 299 2434 ὲ
315 2409 380 2434 tam
398 2398 516 2434 iniusta
535 2397 682 2446 saeuaque
698 2399 899 2446 'intemperie
920 2400 972 2434 ad:

172 2450 245 2485 Dei
273 2446 416 2488 tribunal
436 2459 617 2494 prouocare
645 2446 716 2482 satis
745 2446 801 2482 est.
829 2450 961 2482 Interea

172 2497 315 2545 quanuis
338 2506 462 2531 taceam
483 2496 636 2536 ,vident
665 2507 782 2530 omnes
809 2496 960 2542 peruerse

170 2546 321 2593 Philippi
331 2545 413 2579 odio
432 2556 498 2579 tam
514 2542 663 2579 submisse
684 2568 694 2583 ,
715 2557 756 2579 ne
769 2544 875 2579 dicam
888 2543 969 2580 sor-⁴

171 2595 252 2631 dide
264 2619 274 2634 ‚
291 2592 509 2641 VVestphalo
526 2605 584 2628 eos
603 2594 736 2627 adulari.
760 2593 969 2628 Verecunde

171 2643 278 2680 facere
306 2642 392 2677 visus
417 2642 462 2677 est
484 2635 641 2678 Matthias
661 2643 810 2689 .Illyricus
833 2654 958 2677 nomen

171 2693 264 2729 suum
281 2692 300 2727 a
311 2702 437 2726 caterua
451 2702 642 2735 remouens:
667 2690 718 2725 sed
732 2704 810 2725 mox
819 2688 969 2737 subscri—f

170 2742 289 2790 ptione
297 2741 427 2777 addita,
443 2738 608 2775 fama-{suae
627 2739 695 2773 non
712 2738 785 2773 satis
803 2738 956 2774 consulit.
970 2784 974 2785 7

169 2803 248 2826 nam
260 2789 471 2837 quantumuis
489 2800 544 2823 me
551 2789 627 2823 atris
639 2786 838 2822 carbonibus
849 2799 957 2828 notet,

169 2840 197 2874 is
207 2850 319 2874 tamen
330 2836 508 2885 sumquam
521 2848 706 2872 reuerentcr
717 2836 768 2871 sua
781 2849 875 2871 manu
887 2849 957 2872 non

170 2890 216 2923 ita
226 2887 354 2934 pridem
379 2885 511 2921 salutare
521 2887 674 2933 dignatus
687 2884 743 2920 est.
775 2886 900 2920 Eadem
912 2885 969 2921 est·

169 2935 294 2974 Erasini
315 2936 447 2979 Sarcerij
464 2936 548 2969 ratio
560 2958 568 2972 ‚
583 2935 721 2982 qui-mcv
729 2934 853 2974 literis,
875 2938 957 2981 'pr'ae-

171 2996 342 3033 ceptorem
364 2983 431 3018 fide
454 2993 608 3030 perpetua
635 2982 814 3018 colendum
842 2985 972 3030 appel-‘

171 3035 241 3069 lans
252 3057 263 3073 ‚
276 3036 360 3067 inter
372 3032 577 3068 detestabiles
591 3031 760 3066 haereticos
780 3030 832 3066 sua
841 3031 969 3067 censu-¹

173 3081 207 3117 ra
219 3084 316 3118 locat.
341 3094 376 3116 ac
388 3083 599 3128 praeceptoris
607 3080 742 3127 quidem
755 3079 902 3127 elogium
916 3082 970 3116 li-·

171 3130 290 3167 beuter
304 3131 438 3165 remitto
456 3153 467 3169 ‚
488 3129 566 3164 fidei
587 3128 715 3163 rantu'm
740 3130 956 3172 constantiam

172 3178 320 3214 defidero
330 3190 364 3214 m
375 3178 520 3213 fraternae
531 3178 881 3218 beneuolentiaecultu.
904 3180 970 3214 cui·

174 3225 276 3262 finem
292 3241 365 3266 non
384 3227 470 3262 aliud
493 3228 592 3274 quarn
612 3226 770 3263 doctrinae
792 3227 972 3267 mutatio„

174 3285 246 3323 quae
257 3277 345 3313 nulla
361 3277 396 3312 in
406 3290 458 3312 me
469 3275 514 3311 est
526 3299 538 3318 ,
560 3273 673 3312 afferre
689 3274 816 3313 debuit.
835 3274 898 3312 Sed
914 3289 960 3326 ne

1028 258 1132 296 magis
1150 247 1250 293 quam
1263 257 1321 294 par
1341 245 1378 281 sit
1398 247 1538 294 propriae
1561 247 1658 281 causae
1679 251 1826 285 intentus

1026 296 1086 348 elle
1096 295 1361 342 videar‚posthac
1372 308 1440 330 non
1451 295 1511 331 nili
1519 297 1709 333 'doetrinim
1721 298 1822 346 ipsam

1026 353 1199 391 attingam.

1071 393 1175 432 Quod
1190 392 1360 429 Christum
1373 393 1546 428 authorem
1560 393 1620 428 effe
1631 394 1725 429 dictit
1737 397 1821 430 Coe-

1021 450 1069 473 nae
1088 440 1147 474 suae
1163 464 1173 480 ,
1198 446 1231 477 δι
1251 443 1330 477 inde
1349 443 1516 497 colligunt
1538 440 1736 479 efficientem
1758 444 1820 480 effe

1020 487 1145 523 causam
1160 513 1170 528 ‚
1184 490 1406 525 controuerlia
1428 496 1556 539 lemper
1567 495 1681 527 caruit.
1707 494 1815 537 Qiod

1021 538 1101 572 duis
1114 551 1307 574 enumerant
1329 542 1512 575 materiales
1531 539 1662 580 causas}
1678 542 1817 577 vexterna

1020 585 1141 620 scilicet
1155 590 1247 633 panis
1271 592 1304 623 δι
1325 589 1394 623 vini
1409 590 1588 625 clementa:
1604 592 1726 625 deinde
1738 603 1817 626 cor-

1019 648 1078 683 pus
1096 641 1128 671 δι
1148 635 1338 684 sanguinem
1363 637 1486 672 Christi
1509 662 1518 677 ‚
1536 641 1569 673 in
1593 639 1652 674 hac
1680 638 1816 688 quoque

1016 696 1109 732 parte
1124 686 1187 718 illis
1208 685 1376 733 astipulor.
1401 698 1475 720 nam
1496 699 1608 722 verum
1622 692 1816 725 &naturale

1020 734 1143 770 Christi
1162 747 1279 781 corpus
1291 747 1352 768 nos
1365 735 1381 769 Ξι
1393 736 1500 769 Coena
1516 738 1645 783 penitus
1657 751 1814 774 remoue*

1019 795 1053 818 re
1069 807 1078 823 ‚
1089 781 1200 818 falsum
1214 789 1245 819 δι
1256 783 1495 819 calumniosum
1509 787 1563 819 est.
1585 786 1699 820 Minus
1712 789 1814 824 etiarn

1017 832 1198 868 tolerabilis
1219 832 1264 866 est
1283 834 1483 880 petulantia,
1507 846 1567 868 nos
1586 833 1810 885 ficeretypos,

1020 881 1163 921 vmbras,
1178 880 1421 928 phantasmata,
1435 887 1465 918 δι
1477 885 1650 933 praeliigias
1663 887 1816 932 corporis

1020 930 1156 966 Christi.
1175 930 1234 964 nisi
1250 928 1337 964 forte
1352 930 1438 966 futili
1460 933 1636 967 mendacio
1649 932 1677 968 se
1688 935 1816 969 oblite-

1019 992 1087 1014 rare
1103 980 1190 1027 posse
1206 980 1346 1014 credunt
1364 982 1455 1027 quod
1468 982 1596 1028 pridem
1620 994 1686 1016 tam
1699 987 1731 1017 in
1743 997 1816 1020 mea

1019 1027 1233 1064 Institutione
1244 1052 1255 1068 ,
1268 1040 1310 1075 qu
1318 1029 1370 1064 :im
1390 1030 1469 1063 alibi
1487 1029 1598 1077 sceptus
1621 1033 1704 1066 clare*
1719 1034 1816 1067 testa-

1020 1087 1071 1112 tus
1082 1076 1150 1113 sum
1162 1101 1173 1118 ,
1190 1090 1259 1112 non
1272 1079 1377 1112 modo
1391 1080 1423 1112 in
1445 1091 1565 1126 genere
1583 1082 1736 1115 omnium
1757 1084 1816 1116 Sa-

1021 1137 1267 1162 cramentorurn
1287 1129 1454 1161 materiam
1470 1127 1641 1164 Christum
1660 1131 1699 1163 ab
1712 1131 1813 1165 initio

1019 1173 1131 1215 fuiffe,
1144 1175 1198 1210 sed
1211 1177 1243 1210 in
1257 1175 1340 1210 sacra
1361 1177 1466 1211 Coena
1487 1177 1552 1213 hoc
1571 1180 1734 1226 praecipue
1750 1193 1815 1214 im·-

1019 1225 1194 1273 pleri.neq·,
1208 1225 1241 1260 id
1254 1225 1287 1259 in
1300 1236 1372 1259 mea
1385 1227 1424 1260 ad
1434 1227 1685 1274 VVestphalnn.
1698 1231 1815 1275 respo-

1018 1273 1254 1309 sionetacitum
1268 1274 1612 1322 praetcrij.Quomodo
1624 1289 1733 1314 autem
1747 1279 1815 1311 no*-

1019 1321 1070 1357 bis
1091 1335 1210 1370 corpus
1230 1327 1262 1359 δι
1285 1322 1409 1358 Christi
1439 1324 1567 1372 sanguis
1595 1328 1732 1361 materia
1751 1326 1814 1362 sint

1021 1373 1135 1406 Coenae
1153 1396 1164 1413 ‚
1185 1373 1313 1420 plenius
1329 1372 1449 1409 deinde
1464 1375 1721 1420 explicabimus.
1747 1375 1814 1410 hoc

1020 1421 1152 1456 tanturn
1172 1433 1262 1457 nunc
1284 1421 1470 1456 dicendum.
1488 1422 1550 1457 fuit
1569 1446 1580 1460 .
1603 1423 1815 1472 Μαςάώυμ

1020 1468 1133 1517 genses
1144 1469 1269 1505 'odiose
1288 1483 1349 1504 nos
1362 1473 1531 1518 granando
1544 1496 1551 1505 ,
1573 1473 1678 1506 statim
1694 1474 1710 1507 ὲ
1721 1474 1814 1507 limi-

1021 1531 1061 1553 ne
1073 1519 1196 1553 causam
1212 1517 1311 1567 ipsam
1323 1521 1469 1567 maligne
1480 1520 1664 1555 obscurare.
1685 1525 1723 1555 ln
1735 1524 1815 1557 cau-a⁷

1020 1566 1049 1602 sa
1072 1566 1206 1603 formali
1235 1567 1319 1602 nihil
1345 1569 1469 1603 mirum
1502 1568 1524 1603 si
1545 1570 1586 1603 ab
1607 1571 1671 1604 illis
1692 1569 1814 1606 dissen-

1018 1617 1079 1652 tio.
1093 1618 1209 1652 dicunt
1229 1618 1476 1664 copulationem
1499 1617 1814 1655 effeelementoruin

1019 1668 1112 1713 panis
1127 1671 1162 1707 ¹&
1175 1666 1243 1700 vini
1257 1679 1332 1700 cum
1344 1666 1469 1701 Christi
1480 1679 1575 1702 carne
1596 1673 1628 1704 &
1641 1666 1816 1716 sanguine:-

1021 1715 1142 1750 deinde
1165 1727 1238 1749 cum
1252 1714 1469 1763 promiffione
1480 1714 1588 1751 salutis
1598 1719 1811 1758 &mandat03

1020 1776 1089 1811 quo
1109 1763 1267 1799 iubentur
1282 1776 1399 1798 omnes
1413 1766 1667 1801 Sacramentum·
1682 1765 1746 1804 hoc
1757 1765 1813 1801 su—

1021 1826 1120 1848 mere.
1146 1815 1287 1847 Dietum
1300 1812 1813 1862 Augustinilibeterampiefimn

1020 1875 1057 1896 ex
1070 1863 1236 1896 elemento
1251 1862 1322 1897 fieri
1335 1865 1576 1905 Sacramentum
1589 1862 1721 1905 simulac
1734 1877 1812 1899 ver-

1019 1909 1100 1946 bum
1113 1911 1324 1946 accedittsed
1347 1909 1651 1960 Magdeburgenses
1675 1913 1811 1949 confuse

1017 1973 1054 1995 ac
1077 1972 1264 2007 perperam,
1288 1961 1405 1994 Coenae
1422 1958 1576 1994 effectum
1597 1964 1647 1997 vel
1666 1957 1814 1997 fructum'

1018 2009 1155 2044 miscent
1165 2020 1238 2042 curn
1251 2005 1316 2055 ipsa
1329 2010 1474 2043 materia.
1483 2015 1514 2045 δι
1523 2023 1559 2044 ex
1572 2023 1727 2046 contextu
1738 2013 1811 2060 plus

1017 2058 1091 2093 satis
1101 2069 1233 2106 apparet
1244 2070 1300 2091 eos
1313 2058 1331 2092 Ξι
1353 2057 1405 2093 sua
1419 2057 1633 2094 distinetione
1647 2062 1807 2096 excidere.

1017 2108 1106 2142 Nam
1118 2105 1284 2142 diffidium
1298 2107 1384 2141 inter
1394 2107 1425 2141 se
1437 2112 1534 2144 &nos
1545 2111 1643 2155 paulo
1657 2110 1731 2156 post
1745 2122 1809 2144 vo-

1016 2157 1121 2191 lentes
1130 2156 1376 2194 notare,dicunt
1388 2169 1449 2190 nos
1461 2157 1577 2191 tollere
1587 2161 1722 2197 materie
1735 2172 1809 2206 par-

1015 2217 1104 2240 tem:
1127 2217 1197 2252 quo
1209 2203 1428 2239 facile'eorum
1451 2207 1669 2252 incogitantia
1688 2200 1808 2255 drpre-

1016 2253 1185 2290 henditur.
1215 2254 1327 2299 Qicim
1348 2254 1461 2290 dextre
1479 2256 1639 2303 colligant
1658 2279 1668 2295 ‚
1692 2255 1809 2291 secun-

1017 2304 1094 2338 dum
1108 2315 1168 2337 nos
1178 2301 1297 2349 figuras
1309 2303 1435 2336 tantum
1447 2307 1477 2338 δι
1491 2302 1637 2350 symbola
1648 2307 1805 2351 proponi,

1015 2352 1215 2399 oportunius
1227 2349 1372 2386 suoloco
1384 2351 1562 2389 videbitur.
1579 2355 1617 2386 In
1641 2353 1806 2398 praesentia

1015 2400 1144 2434 tantum
1155 2398 1333 2434 obseruen‘t
1345 2400 1711 2439 letstoresmethodicos
1724 2402 1812 2437 istos.

1017 2449 1170 2483 doffitores
1179 2461 1241 2495 qua
1251 2449 1292 2482 de
1303 2461 1337 2483 re
1346 2450 1523 2496 loquantur
1535 2461 1601 2482 non
1614 2461 1806 2490 tenereme-

1015 2509 1080 2544 que
1099 2497 1139 2531 ad
1160 2497 1408 2533 distinffiorrem
1427 2498 1594 2532 attendere
1611 2500 1711 2533 tertio
1726 2500 1804 2535 ante

1015 2544 1106 2580 versu
1118 2545 1135 2579 a
1146 2543 1174 2579 se
1187 2545 1343 2593 politam&
1360 2547 1464 2591 Qod
1476 2547 1574 2580 etiam
1585 2547 1725 2586 addunt,
1740 2562 1809 2583 nos-

1016 2594 1033 2629 ἒ,
1043 2593 1201 2629 sententia
1216 2593 1267 2629 sua
1280 2596 1459 2642 discrepare
1471 2617 1480 2632 ‚
1493 2595 1571 2641 quia
1589 2595 1694 2630 fidem
1703 2599 1804 2633 volu-

1015 2655 1087 2677 mus
1095 2643 1134 2677 ad
1147 2643 1375 2690 promiffiones
1393 2641 1503 2678 referri
1516 2656 1583 2677 non
1596 2646 1634 2678 in·
1645 2658 1804 2693 corpora-

1014 2691 1077 2726 lem
1090 2691 1212 2727 Christi
1225 2692 1435 2740 praesentiam,
1447 2704 1555 2738 neque
1571 2693 1730 2733 nihil-est,
1743 2709 1804 2731 ne..

1014 2751 1207 2786 que-totum.
1226 2754 1333 2789 neque
1348 2743 1434 2775 enim
1449 2739 1634 2787 promiffio,
1647 2746 1689 2777 ad
1702 2756 1802 2790 quam

1013 2788 1128 2823 fideles
1144 2792 1454 2836 reuocarnus,quam
1466 2788 1563 2824 offert
1571 2793 1674 2825 carnis
1686 2797 1717 2828 &
1729 2792 1802 2828 san-

1013 2839 1122 2885 guinis
1137 2839 1262 2874 Christi
1280 2839 1621 2874 communicationem
1638 2843 1799 2878 excludit:

1013 2886 1066 2920 sed
1083 2889 1159 2934 quia
1178 2888 1273 2922 abeo
1290 2887 1410 2934 pendet
1431 2887 1476 2920 rei
1501 2887 1657 2934 promiss'ae
1669 2890 1802 2926 exhibi-

1013 2936 1063 2969 tio
1076 2959 1086 2975 ‚
1097 2937 1225 2971 animos
1243 2937 1392 2971 iubemus
1403 2939 1436 2970 in
1450 2948 1484 2969 ea
1496 2935 1621 2970 defixos
1636 2937 1706 2972 esse.
1721 2942 1800 2976 Hoc

1013 2985 1118 3019 modo
1141 2983 1279 3020 fatemur
1301 2997 1369 3018 non
1395 2984 1496 3018 nudas
1523 2986 1557 3019 in
1582 2988 1798 3023 sacramentis

1012 3032 1243 3080 promiffiones
1254 3032 1324 3071 esse,
1335 3032 1388 3066 sed
1402 3045 1508 3067 rerum
1520 3034 1727 3070 exhibitione
1739 3038 1803 3071 neq

1012 3081 1100 3116 stita's
1116 3087 1127 3123 ‚'
1146 3085 1222 3130 quia
1242 3081 1317 3115 vere
1337 3081 1545 3117 nosteluisti
1560 3075 1732 3130 participes
1750 3072 1829 3121 fai-s

1012 3132 1113 3166 ciunt.
1137 3131 1333 3167 Miraculum
1342 3131 1437 3177 quale
1447 3131 1579 3180 fingunt
1591 3133 1797 3179 Magdebur-

1011 3179 1122 3228 genses
1145 3204 1154 3218 ‚
1173 3181 1316 3214 alienum
1331 3179 1350 3213 ὲ
1371 3179 1522 3214 doch-ina
1546 3180 1652 3215 nostra
1671 3181 1804 3217 effe-sam

1011 3231 1181 3265 tisnotum
1205 3227 1323 3262 esti-vt
1338 3227 1463 3263 scilicet.
1482 3241 1599 3274 corpus
1615 3230 1701 3264 suum
1719 3232 1802 3265 Do:

1009 3278 1115 3327 minus
1127 3277 1184 3312 sub
1192 3276 1597 3362 pane;&·sangu{p}<mks{b
1611 3278 1689 3333 vino
1701 3279 1797 3330 fistat:v

1579 3349 1588 3359 .
1623 3338 1657 3371 ij.
