2113 3674
7 1402 81 1439 COp-7
86 1418 92 1425 .

562 246 902 283 REFORM.
966 246 1232 285 RATIO.

107 320 166 367 qui
196 311 416 352 sacerdotibus
459 311 653 360 coniugium
685 312 891 356 permittunt.

108 366 208 415 Qst
221 362 394 400 honestum
408 359 568 408 piumque
581 359 773 405 coniugium
790 359 823 392 in
836 369 890 392 ca-

106 417 157 452 sto
186 415 252 450 Dei
275 414 397 446 timore
415 408 568 455 auspicari
589 431 599 447 ,
626 414 657 443 δι
674 408 890 461 Madianitica

106 464 211 502 scorta
223 461 347 511 populo
358 459 425 493 Dei
436 457 580 497 miscere,
596 457 798 506 pelliciendis
809 456 847 489 ad
858 467 889 489 ι-

105 513 314 548 dololatriam
328 508 444 542 animis
460 529 468 545 ‚
484 507 567 540 nihil
588 508 672 539 inter
681 503 711 538 se
723 505 884 539 differant.

105 562 288 598 Nicolaitas
300 567 450 605 praeterea
464 566 559 590 vocat
577 553 759 589 sacerdotes
769 565 886 587 omnes

105 611 313 657 coniugatos:
325 603 412 652 quasi
427 605 483 650 qui
495 604 528 637 in
541 602 688 637 ducenda
700 614 762 635 vna
774 613 887 642 vxore,

104 648 201 694 variis
213 670 246 692 ac
259 653 395 703 profusis
407 652 689 703 libidinibuequae
702 648 812 697 passim
822 650 894 683 ho-¹

104 708 159 743 die
167 709 199 742 in
211 717 282 741 toto
293 707 412 751 Papatu
423 700 791 748 graslantur‚remedium
800 711 886 746 qug-

105 758 166 795 rit,
177 753 359 802 promiscue
375 761 489 786 vxores
512 751 624 797 vulget
641 761 676 782 ac
699 747 885 794 prostituat.

103 805 166 840 Sed
178 813 273 851 negat
285 801 337 836 hic
349 800 457 834 bonus
469 798 598 835 doctor,
609 796 815 831 necessarium
827 794 887 830 esse

104 851 306 900 corrigend:
316 848 568 884 incontinentiae
579 846 761 889 remedium
774 868 784 884 ‚
795 845 887 892 quod

101 901 218 937 Paulus
230 913 266 934 ex
276 899 398 947 Spiritu
411 897 477 932 Dei
491 895 839 942 inmugit-Contendit
850 902 895 928 e-‘

102 950 174 986 nim
190 947 290 997 posse,
301 948 490 996 quicunque
501 945 632 981 volunt,
643 942 780 992 vstionis
793 955 885 977 mor-

101 998 149 1034 bo
160 999 276 1034 eximi:
294 997 371 1044 quia
380 994 533 1041 scriptum
546 992 583 1027 fit
595 1015 604 1031 ‚
619 992 746 1026 Omnia
759 990 886 1038 possum

102 1048 138 1083 in
149 1060 189 1083 eo
203 1048 261 1094 qui
274 1058 327 1081 me
340 1042 526 1079 confirmat.
554 1041 614 1076 Sed
626 1052 694 1074 non
705 1039 893 1075 considerat.

103 1108 142 1131 ex
150 1093 284 1131 aduerso
297 1117 307 1133 ‚
333 1091 498 1129 Christum
511 1090 562 1124 his
582 1088 656 1124 solis
671 1087 735 1134 esse
748 1089 882 1122 adiuto-

103 1156 174 1179 rem
185 1167 196 1184 ,
209 1144 267 1191 qui
277 1142 445 1177 vocationi
456 1139 515 1174 suae
525 1138 765 1184 obtemperant.
791 1138 883 1191 Ergo

104 1203 142 1228 vt
154 1192 323 1226 vi&ricem
345 1191 434 1224 illam
447 1187 570 1223 Christi
588 1186 771 1233 potentiam
791 1197 830 1219 in·
845 1198 885 1219 o-

105 1240 239 1276 mnibus
248 1253 284 1274 ex
311 1235 584 1283 edamur-,periere
593 1246 653 1269 nos
665 1247 700 1268 ex
711 1235 778 1268 Dei
789 1246 885 1268 man-

105 1289 185 1323 dato
196 1251 318 1322 necesse
327 1286 372 1321 est
386 1299 394 1320 ε
406 1297 447 1320 ne
457 1287 529 1331 quis
542 1283 601 1318 fibi
613 1284 682 1329 plus
694 1282 816 1316 sumere
827 1295 886 1316 au·-

105 1336 165 1377 sit,
181 1336 280 1384 quam
297 1334 337 1369 ab
353 1335 410 1369 illo
430 1333 634 1369 conceditur.
664 1331 754 1376 Qid
775 1342 884 1365 autem

103 1385 223 1420 paunus
233 1384 272 1419 ad
284 1382 373 1417 haee?
403 1380 527 1429 Aperte
539 1381 730 1427 pronuntiat
742 1402 751 1417 ,
763 1392 832 1413 non
844 1393 885 1413 o-

104 1433 238 1469 mnibus
250 1432 474 1467 communiter
484 1430 551 1463 dari
562 1429 768 1463 continendo
781 1426 885 1463 facul-

105 1492 276 1517 tatemzeos
289 1479 369 1514 vero
378 1478 564 1526 omnes‚qui
574 1477 823 1512 incontinentiae
832 1478 885 1511 vi-

104 1532 155 1566 tio
164 1530 372 1568 laborant‚ne
382 1525 568 1567 vtantur‚ad
579 1526 772 1572 coniugium
783 1525 813 1559 se
824 1528 883 1561 cf>-

0 1584 94 1617 Wat-19·
105 1577 190 1614 ferre
200 1577 409 1621 iubet.‹Qid
421 1577 518 1610 etiarn
531 1574 680 1609 Christus
691 1571 779 1620 ipse?
794 1574 884 1609 cum

0 1629 5 1650 l

104 1627 262 1676 Apostoli
273 1626 382 1660 audita
393 1623 670 1662 caelibatuslaud'e,
683 1621 816 1657 beatum
831 1624 882 1657 vi-

103 1676 203 1711 uendi
216 1686 318 1724 genus
329 1672 388 1708 effe
402 1674 547 1708 dicerent
557 1695 567 1711 ‚
587 1682 684 1719 negat
694 1683 812 1705 omnes
824 1670 884 1705 effe

101 1725 171 1760 eius
182 1735 328 1771 capaces:
343 1735 409 1770 quo
419 1720 589 1768 significat
599 1732 668 1754 non
688 1722 768 1754 alios
782 1719 843 1754 esse
852 1721 882 1754 i-

100 1770 307 1812 doneos‚nisi
317 1772 373 1817 qui
384 1769 613 1818 peculiaritera
627 1771 701 1803 Deo
712 1780 883 1803 vocentur.

98 1816 215 1868 Atque
233 1820 310 1855 hinc
324 1819 394 1855 satis
406 1829 536 1867 apparet
549 1841 558 1858 ,
571 1817 653 1852 nihil
665 1818 772 1852 minus
783 1819 883 1865 quam

98 1868 336 1907 {ecclesiasticas
348 1867 408 1903 esse
419 1869 505 1915 leges
517 1891 526 1905 ‚
546 1879 616 1914 quae
628 1867 642 1900 a
653 1867 812 1914 coniugio
830 1880 883 1901 ar-

97 1929 267 1967 centquos
281 1918 356 1952 illuc
368 1917 566 1951 nominatim
585 1915 721 1962 Spiritus
742 1916 809 1950 Dei
828 1918 882 1950 in-

96 1969 211 2004 uitat..
225 1965 325 2003 Certe
338 1966 545 2013 Apollonius
563 1963 790 2000 vetustissimus
804 1963 882 1999 scri-

97 2028 176 2064 Ptor
189 2039 200 2056 ‚
219 2015 300 2051 teste
318 2014 462 2049 Eusebio
480 2037 491 2053 ‚
511 2014 677 2049 Montano
696 2013 881 2060 exprobrat,

126 2058 414 2100 uod-matrimonia
427 2064 552 2111 primus
563 2061 743 2101 soluerit,&
755 2064 881 2110 primus

99 2077 257 2148 soluenda
276 2112 436 2148 docuerit.
467 2113 570 2147 Cuius
591 2111 620 2147 se
642 2111 819 2159 discipulos
836 2124 878 2146 o-

98 2161 252 2197 stendunt
263 2184 273 2201 ,
285 2162 341 2207 qui
353 2173 412 2197 nec
422 2159 574 2195 contrahi
584 2161 702 2194 volunt
721 2162 878 2208 coniugia

98 2208 276 2244 secundum
288 2210 354 2244 Dei
364 2209 596 2248 institutum&
609 2220 677 2255 quae
688 2208 729 2243 sic
743 2222 878 2244 contra-

99 2258 151 2293 &a
161 2268 251 2292 erant
261 2280 272 2297 ‚
285 2268 352 2292 rata
361 2268 482 2305 negant
493 2255 564 2292 esse.
600 2257 703 2291 Porro
716 2281 726 2297 ,
740 2270 780 2292 ne
792 2258 877 2292 insa·

97 2307 171 2341 nire
179 2305 300 2353 absque
309 2305 435 2340 ratione
447 2305 593 2339 videatur
603 2306 734 2341 Cenalis
753 2317 875 2341 terram

97 2367 178 2390 mox
189 2355 371 2389 incolarum
381 2353 592 2388 multitudine
602 2352 753 2390 obrutam
767 2356 804 2388 iri
816 2357 875 2391 ad-

97 2413 229 2443 monet,
239 2402 298 2438 nisi
311 2401 455 2437 caelibatu
467 2402 571 2437 nimia,
579 2400 708 2436 soboles
719 2402 878 2438 cohibea-

96 2462 162 2486 tur.
197 2451 338 2486 Perinde
365 2449 419 2485 hic
435 2448 582 2497 loquitur
600 2448 724 2485 subtilis
745 2452 876 2493 ἀοᾶοτ,

95 2499 159 2536 acsi
187 2500 351 2536 caelibatus
374 2499 635 2536 &continentiae
657 2500 783 2534 nullum
803 2497 878 2535 esset

96 2547 280 2583 discrimen.
290 2549 418 2595 Atqui,
429 2559 546 2582 omnes
559 2558 680 2583 norunt
691 2560 878 2596 propagan-

97 2597 142 2632 do
153 2597 328 2632 hominum
341 2597 452 2646 generi
471 2597 596 2631 nullutn
607 2595 667 2631 esse
687 2599 790 2645 tnagis
811 2595 877 2631 foe-

97 2647 241 2682 cundum
254 2645 362 2681 semen
371 2669 381 2685 ‚
394 2645 492 2692 quam
504 2644 713 2680 sacerdotale.
726 2646 778 2680 Eo
788 2648 877 2681 enim

95 2695 248 2743 prorupit
258 2695 419 2729 indomita
436 2695 586 2728 omnium
608 2692 674 2729 fere
694 2695 876 2728 monacho-

96 2755 169 2778 rum
180 2739 449 2790 sacerdotumque
458 2743 623 2789 papalium
633 2743 740 2778 libido
753 2767 762 2783 ,
774 2755 808 2777 vt
818 2756 874 2778 ca-

97 2789 245 2827 stiffimus
267 2791 388 2826 merito
406 2790 570 2825 censeatur
580 2814 590 2830 ‚
612 2793 670 2838 qui
693 2792 875 2827 domestico

97 2837 206 2877 scorto
217 2851 392 2875 contentus
403 2839 460 2874 est.
486 2841 597 2887 Qre
606 2863 615 2877 ,
628 2853 669 2874 ne
682 2852 802 2876 terram
820 2854 875 2875 re.-

96 2889 230 2936 pleant,
239 2901 307 2923 non
318 2890 335 2923 ὲ
347 2889 504 2936 coniugio
516 2887 716 2935 prohibendi
728 2890 871 2934 tanturn,

96 2936 151 2973 sed
162 2939 292 2985 penitus
303 2936 457 2972 castrandi
471 2948 574 2971 erunt.
582 2938 717 2985 Alioqui
727 2937 798 2973 fieri
807 2951 876 2973 non

97 2985 222 3022 desinet
231 3010 242 3027 ‚
256 2987 345 3033 quod
359 2985 485 3032 pridem
498 2984 557 3020 esse
569 2984 688 3020 fadum
700 2998 822 3021 norunt
834 3001 875 3022 o-

98 3045 210 3071 mnes:
222 3046 257 3069 vt
267 3048 326 3081 pro
337 3034 494 3082 legitimis
503 3034 631 3069 duobus
643 3057 653 3072 ‚
663 3047 796 3083 cogatur
807 3047 874 3071 ter-

98 3093 204 3119 ratres
213 3084 296 3118 alere
317 3082 451 3129 spurios.
484 3083 589 3131 Qod
601 3082 658 3117 nisi
670 3085 802 3119 Cenalis
816 3091 875 3120 to'-

99 3138 171 3166 tum
188 3133 301 3179 capitis
321 3131 367 3166 sui
384 3144 520 3166 acumen
539 3134 572 3165 in
585 3134 680 3167 mitra
701 3132 876 3179 episcopali

99 3177 415 3228 habenetmunquam
428 3182 470 3216 ita
481 3180 510 3215 se
520 3179 714 3227 propinasset
727 3182 777 3215 vel
793 3195 875 3228 pue-

100 3227 146 3261 tis
156 3228 340 3264 ridendum.
369 3229 463 3276 Qid
483 3231 571 3263 enim
584 3228 720 3263 obsecro
741 3226 801 3264 risu
821 3231 875 3264 di-

102 3276 407 3324 gnius,quamci1m
420 3275 594 3312 emissarios
615 3289 721 3312 tauros
739 3279 875 3326 pingui-

103 3333 154 3360 ter
171 3325 206 3360 in
223 3328 298 3362 otio
317 3331 351 3365 δι
361 3325 460 3375 Vsque
470 3325 510 3361 ad
521 3324 664 3375 saginam
674 3325 757 3375 pasci
771 3327 875 3370 iubet,

1660 265 1726 300 401

940 320 982 342 ne
994 307 1122 344 soboles
1133 324 1217 346 noua
1229 311 1424 347 succrescat?
1436 313 1560 349 Verum
1574 314 1638 349 boc
1651 329 1722 350 rna-

937 357 1017 391 ioris
1027 359 1206 394 etiamnum
1220 365 1370 397 amentiae
1384 362 1428 396 est
1439 387 1449 402 ‚
1461 364 1552 410 quod
1570 364 1643 398 cum
1658 365 1719 400 be-

936 407 1162 440 nedictionem
1175 407 1258 443 suam
1279 411 1448 445 Dominus
1469 424 1564 447 vocet
1584 411 1720 448 hnmani

936 455 1064 502 generis
1074 459 1495 503 propagationem,Cenalis
1506 460 1593 508 quasi
1607 461 1719 496 infeli-

936 515 1006 537 cem
1019 503 1172 538 strumam
1186 504 1334 551 scalpello
1357 508 1487 543 resecari
1508 512 1654 557 praecipit
1667 517 1718 547 :&

934 551 1021 599 quasi
1043 550 1185 586 fortuito
1207 556 1421 601 gignerentur
1434 558 1527 592 liberi
1541 582 1550 598 ‚
1567 561 1662 594 timet
1677 573 1719 594 ne

934 601 1025 653 supra
1037 600 1154 635 iustum
1168 605 1308 637 modum
1322 605 1477 640 excrescat
1489 609 1719 644 numerus.Sed

934 650 1034 697 digna
1045 649 1090 684 est
1114 649 1264 699 sacrilega
1284 653 1398 687 talium
1418 654 1593 690 hominum
1607 656 1718 704 super-

933 697 987 732 bia
997 709 1089 744 ,quae
1102 696 1173 732 sein
1187 709 1341 734 extremas
1354 702 1494 749 quasque
1506 703 1718 742 absurditates

934 748 1128 794 praecipitet.
1156 748 1245 783 Nam
1265 748 1286 782 si
1300 760 1351 783 tot
1375 752 1588 787 monstruosis
1600 754 1718 789 nefan-

934 792 1044 830 darum
1056 795 1295 831 scortationum
1311 801 1467 846 exemplis
1486 799 1584 836 sanc'ti
1597 805 1716 838 coniu-

934 845 978 892 gij
989 856 1217 892 contemptum
1230 847 1314 880 vltus
1327 847 1372 882 est
1383 849 1490 882 Deus:
1501 862 1624 896 quanto
1641 866 1716 900 gra-

934 894 1025 928 uiore
1033 892 1194 941 supplicio
1206 895 1300 941 digni
1320 891 1391 930 sunt
1412 900 1641 934 contumeliosi
1663 901 1716 937 issi

934 941 1079 982 insultus,
1091 942 1209 989 quibus
1222 943 1397 980 bacchatur
1408 946 1635 992 importunum
1648 949 1715 989 hoc

933 992 1065 1026 a'nimal?
1082 992 1300 1032 Caeterum,vt
1313 995 1444 1029 nomini
1455 994 1510 1029 suo
1522 995 1715 1044 respondeat

934 1041 1199 1079 Cenalis,iterum
1211 1042 1248 1075 ad
1263 1042 1405 1078 culinam
1419 1045 1610 1080 reuoluitur.
1624 1048 1715 1082 Nam

933 1087 954 1122 si
968 1088 1096 1122 homini
1107 1087 1250 1123 solitario
1266 1091 1318 1124 vix
1331 1092 1526 1140 tria‚inquit,
1538 1093 1716 1131 sacerdotia

934 1134 1082 1176 sufficiun
1095 1140 1271 1185 quomodo
1284 1140 1462 1176 numerosae
1474 1141 1603 1177 familiae
1615 1155 1717 1178 vnum

933 1184 978 1220 sat
987 1188 1046 1226 erit
1057 1183 1076 1219 i·
1098 1187 1171 1221 Nifi
1186 1186 1355 1235 plusquam
1371 1201 1485 1224 vecors
1498 1190 1589 1232 esset,
1601 1193 1715 1228 annon

933 1236 1092 1282 cogitaret
1107 1236 1141 1269 in
1159 1247 1315 1283 promptu
1329 1236 1389 1272 esse
1411 1238 1598 1286 responsum
1617 1255 1626 1276 ι
1644 1254 1716 1277 non

933 1283 1038 1318 modo
1050 1285 1217 1330 optimum
1240 1283 1387 1329 fundum
1399 1286 1458 1321 esse
1470 1288 1717 1334 parsimoniam,

934 1333 986 1367 cui
997 1335 1098 1380 magis
1110 1332 1359 1381 patresfamilias
1377 1335 1568 1372 assuescunt:
1581 1336 1634 1373 sed
1646 1339 1729 1375 istis*

934 1379 1094 1420 solitariis,
1104 1394 1187 1429 quos
1200 1383 1308 1422 izi-stat,
1320 1384 1428 1418 multo
1440 1384 1564 1433 semper
1575 1389 1716 1434 amplius

934 1428 995 1463 esse
1008 1430 1193 1466 sodalitium
1205 1434 1220 1464 ἒ
1241 1433 1422 1479 Frugaliter
1431 1447 1504 1469 cum
1519 1447 1616 1469 vxore
1628 1442 1659 1472 ὅ(
1670 1438 1714 1471 li·

934 1477 1021 1512 beris
1033 1479 1122 1514 viuet
1135 1480 1269 1514 maritus
1278 1504 1293 1520 r
1307 1492 1342 1515 vt
1355 1494 1391 1515 ex
1403 1484 1495 1517 tenui
1515 1496 1649 1530 quoque
1660 1498 1713 1520 re-

934 1528 1005 1561 ditu
1037 1529 1160 1575 aliquid
1178 1528 1310 1576 supersit
1328 1543 1342 1563 Ἰε
1362 1540 1396 1564 at
1414 1530 1549 1567 sacrifici
1569 1535 1714 1580 PapaleS,

933 1575 1118 1623 priusquam
1133 1577 1714 1625 meretrices,spurios‚lenonesacle-

932 1637 988 1658 nas
1002 1627 1222 1672 expleuerint‚
1235 1627 1342 1662 multo
1355 1627 1523 1663 vberiores
1544 1630 1711 1678 absumpti

932 1685 1027 1708 erunt
1041 1686 1220 1720 prouentus
1234 1699 1245 1715 ‚
1258 1676 1356 1723 quam
1368 1678 1423 1723 qui
1437 1678 1548 1712 multis
1566 1678 1713 1714 honestis

932 1719 1064 1756 familiis
1074 1735 1164 1770 pares
1174 1722 1323 1760 fuissent.¹
1345 1726 1437 1767 Quid
1456 1725 1604 1774 profusos
1625 1729 1716 1763 luxus

932 1782 1122 1806 enumerem
1134 1795 1144 1811 ,
1165 1774 1199 1808 ss]
1212 1786 1297 1821 quos
1318 1775 1477 1822 quicquid
1497 1777 1715 1825 vndecunque

931 1831 1041 1866 rapere
1052 1819 1174 1867 possint
1184 1824 1234 1856 vel
1248 1822 1370 1862 radere,
1382 1835 1537 1871 tanquam
1550 1826 1581 1859 in
1594 1829 1714 1876 gurgi-

931 1878 982 1902 tes
992 1869 1199 1904 inexhaustos
1212 1873 1442 1918 proiiciunt:vt
1454 1874 1628 1909 videantur
1640 1886 1714 1909 tan-

930 1916 1002 1952 tum
1013 1919 1051 1953 ad
1065 1918 1264 1965 perdendam
1278 1922 1448 1967 pecuniam
1467 1923 1646 1971 ingeniosi?
1657 1926 1715 1960 Ni

928 1965 999 2012 qud
1008 1968 1108 2014 magis
1120 1967 1300 2008 abundant,
1315 1980 1425 2004 totum
1438 1967 1505 2006 fere
1517 1971 1633 2007 orbem
1647 1975 1716 2008 im-

928 2027 1081 2063 mergunt
1094 2015 1154 2051 suis
1167 2019 1374 2065 corruptelis.
1399 2019 1556 2060 Porro‚vt
1568 2020 1596 2055 se
1608 2021 1714 2057 tribe-

927 2062 1100 2098 neficiariis
1113 2063 1174 2099 suis
1187 2068 1336 2102 venditet
1346 2091 1356 2107 ‚
1368 2068 1587 2117 vertiginosos
1599 2071 1712 2118 appel-

926 2112 1043 2160 lat,qui
1053 2124 1154 2149 vnum
1168 2114 1301 2163 singulis
1311 2114 1527 2152 sacerdotium
1542 2117 1712 2167 affignant.

927 2161 1066 2201 Certe,6
1079 2162 1169 2197 bone
1181 2175 1337 2210 pater‚aut
1348 2165 1490 2207 ebrium,
1502 2179 1556 2201 aut
1568 2167 1652 2202 bene
1665 2167 1714 2202 sa-

926 2220 1035 2245 turum
1048 2209 1138 2248 fuisse
1150 2223 1182 2246 te
1191 2224 1345 2259 oportet,
1360 2214 1434 2249 cum
1447 2227 1536 2250 tanta
1551 2219 1714 2265 vertigine

926 2260 1088 2305 percitum
1101 2259 1163 2294 tibi
1175 2261 1343 2296 cerebrum
1355 2261 1416 2299 fuit
1425 2289 1436 2305 ‚
1450 2276 1484 2299 vt
1495 2266 1613 2300 ordine
1624 2267 1710 2300 hunc

925 2308 1115 2355 improbare
1125 2309 1272 2348 auderes,
1285 2323 1383 2358 quem
1396 2312 1594 2349 audacissimi
1604 2327 1709 2362 quoq·,

924 2360 957 2392 &
968 2355 1203 2404 improbissimi
1214 2371 1283 2392 non
1307 2361 1412 2396 modo
1430 2360 1522 2397 fateri
1545 2373 1709 2411 coguntur

926 2403 986 2438 esse
996 2407 1116 2440 rationi
1126 2404 1448 2450 consentaneum‚sed
1459 2423 1611 2458 tanquam
1623 2413 1640 2446 a
1650 2424 1709 2446 na«

926 2463 996 2487 tura
1008 2454 1179 2494 dictatum,
1192 2454 1305 2491 seruari
1314 2460 1518 2506 praecipiunt.
1531 2460 1710 2507 Postquam

925 2500 1072 2536 scelestus
1081 2502 1134 2537 hic
1145 2503 1442 2554 nebulo‚quicquid
1455 2520 1598 2556 vnquam
1609 2510 1642 2542 in
1655 2508 1710 2544 sua

927 2549 1077 2585 Sorbona
1096 2551 1222 2588 haurire
1242 2556 1352 2601 potuit
1369 2556 1642 2604 blasphemiarum
1671 2558 1708 2592 in

924 2598 1037 2634 Deum
1049 2602 1214 2636 euomuit:
1229 2603 1376 2644 demum,
1390 2602 1520 2639 sublatis
1531 2606 1707 2648 cornibus,

924 2646 1160 2684 Thrasonicam
1176 2651 1363 2687 iaetantiam
1375 2651 1481 2688 efflat:
1497 2652 1526 2688 se
1536 2656 1568 2689 in
1581 2668 1709 2691 arenam

925 2694 1116 2732 descendere
1126 2711 1285 2746 paratum,
1299 2703 1348 2735 vel
1362 2701 1382 2736 si
1395 2703 1432 2736 ad
1449 2702 1638 2750 sanguinem
1653 2704 1708 2738 vs-

923 2756 988 2791 que
1005 2748 1216 2794 pugnandum
1229 2748 1278 2785 fit.
1300 2751 1463 2797 Equidem
1475 2775 1484 2791 ,
1496 2763 1531 2786 vc
1543 2751 1588 2787 est
1600 2751 1706 2788 homo

922 2792 1241 2841 sanguinarius,non
1252 2798 1392 2839 dubito,
1412 2798 1433 2833 si
1448 2801 1632 2836 trucidandi
1656 2800 1706 2836 es·-

922 2841 992 2876 sent
1000 2856 1116 2878 omnes
1126 2847 1193 2880 Dei
1206 2844 1287 2881 serui
1297 2871 1307 2887 ,
1327 2845 1581 2896 fundendt'tsque
1601 2852 1706 2884 inno-

921 2891 992 2925 xius
1013 2893 1158 2929 virorum
1178 2895 1298 2942 pariter
1315 2908 1351 2930 ae
1368 2898 1542 2932 mulierum
1565 2895 1705 2946 sanguis,

923 2940 1004 2986 quin
1015 2939 1045 2975 se
1055 2941 1195 2978 libenter
1205 2944 1453 2992 antesignanum
1476 2947 1632 2994 praebeat:
1650 2947 1706 2983 suo

922 2999 1029 3023 autern
1040 3002 1168 3037 parcere
1180 2992 1309 3028 didicit.
1331 2994 1494 3030 Caeterum
1507 3022 1516 3036 ,
1530 2996 1604 3031 esim
1617 2996 1704 3031 hunc

923 3038 1105 3085 Cyclopem
1116 3040 1283 3076 videamus
1294 3066 1304 3081 ‚
1317 3055 1384 3076 non
1397 3045 1504 3079 minus
1515 3046 1618 3093 rigida
1629 3058 1711 3091 per-

923 3086 1039 3122 tinacia
1050 3088 1088 3122 ad
1100 3091 1355 3138 oppugnandam
1365 3093 1534 3128 veritatem
1548 3093 1702 3142 infistere2.

921 3134 1021 3182 quam
1035 3135 1164 3172 rabioso
1177 3137 1325 3173 aduersus
1338 3141 1373 3173 εἰ
1383 3141 1465 3175 odio
1477 3141 1603 3189 flagrat,
1617 3141 1704 3187 plus-

922 3196 1018 3230 quam
1027 3195 1135 3233 turpes
1146 3185 1369 3237 flagitiosique
1380 3188 1497 3229 summ,
1513 3191 1534 3225 si
1548 3195 1580 3225 in
1593 3187 1703 3224 cofes-

922 3231 1012 3267 fione
1024 3231 1159 3280 syncerae
1170 3235 1249 3270 fidei
1267 3238 1377 3272 minus
1394 3237 1598 3273 ostendimus
1618 3250 1703 3272 con-

922 3280 1057 3318 stantiae.

972 3331 1035 3366 Sed
1047 3331 1082 3367 vt
1090 3331 1129 3368 acl
1140 3330 1386 3372 reformationis
1396 3332 1701 3416 adp-itterinffifucum

1506 3404 1515 3415 .
1554 3393 1603 3427 ¹¹1·
