2113 3674
343 220 411 263 284

333 280 447 326 pulum
459 276 492 310 in
506 271 735 320 superstitione
747 270 897 305 retineat.
914 272 1024 306 Aliam
1036 282 1117 318 prae-

285 340 289 343 ’
333 339 419 362 terea
429 324 570 359 fibulam
580 321 1037 367 excogitaruntznempe,cum
1052 321 1119 353 eius

334 388 453 422 corpus
469 371 615 407 exustum
625 368 938 417 fuit,digitum‚qu0
949 368 1121 403 Christum

333 420 721 465 monstrauerat‚integrs1
735 417 954 458 mansisse,nec
964 418 1033 451 vllo
1045 429 1122 450 mo—

335 475 379 509 do
391 470 480 506 fuifl'e
494 470 670 504 violatum.
705 469 785 502 Hoc
802 478 912 501 autern
933 478 1003 500 non
1015 464 1123 499 solum

335 520 504 557 veteribus
514 518 660 553 historiis
674 515 904 551 cosentaneum
918 528 987 549 non
1000 513 1119 552 est,ve-

334 572 410 608 xiim
423 571 522 604 etiarn
533 580 573 602 ex
584 565 658 614 ipsis
670 564 763 601 sicile
774 564 882 612 potest
896 564 1041 611 coargui.
1053 563 1123 597 Eu-

335 620 442 656 sebius
454 619 544 653 enim
558 621 588 653 δε
600 615 837 650 Theodoretus
859 613 1059 647 nominatim
1071 623 1130 646 re-·

335 669 447 705 ferunt
461 692 471 707 ‚
482 678 600 714 corpus
622 665 663 699 ad
684 662 750 698 offa
767 661 867 709 vsque
891 661 1124 708 consumptum

335 715 427 755 fuiffe
437 744 446 757 ,
458 716 534 752 cum
556 714 692 750 Ethnici
708 710 811 758 ipsum
834 722 1021 757 rapuerunt.
1048 711 1125 744 Nec

336 768 424 803 certe
437 767 509 801 talis
529 763 675 799 miraculi
693 761 793 795 obliti
808 758 908 793 effent
920 783 930 799 ‚
949 758 1024 794 siita
1036 760 1126 794 acci—

336 815 430 853 disset
441 831 449 851 :
460 828 535 850 nam
547 812 669 859 alioqui
682 808 860 844 referendis
871 808 990 842 talibus
1013 808 1124 856 nugis,

335 868 408 915 plus
421 864 493 900 satis
504 857 621 897 curiofi
632 859 783 895 sunt.Sed
797 856 924 892 tametsi
935 857 999 891 hoc
1011 869 1126 891 verum

336 915 424 951 foret
434 940 444 954 ,
453 913 510 948 vbi
522 911 561 945 lit
573 911 697 957 digitus
710 909 765 942 ille
776 906 936 954 paulisper
946 906 1131 940 audiamus..

336 967 434 1000 Vnus
453 963 498 998 est
522 959 752 996 vesontione,
772 955 812 990 ad
839 957 975 990 loannis
994 956 1124 1003 Magni:

336 1011 495 1048 Tholosae
507 1011 600 1044 alius:
620 1008 700 1042 alius
710 1004 888 1052 Lugduni:
908 1005 987 1038 alius
998 1005 1127 1039 Bituri-

337 1063 455 1112 gibus:
469 1062 549 1095 alius
562 1057 830 1092 Florentiaezalius
842 1054 881 1088 ad
893 1055 1031 1088 Ioannis
1044 1055 1130 1095 For-

337 1114 417 1148 tuiti
430 1122 533 1159 prope
544 1105 778 1142 Matisconem.
791 1102 857 1138 Hic
872 1103 956 1137 nihil
969 1103 1063 1137 aliud*
1073 1103 1128 1137 di-

338 1174 380 1197 co
392 1185 402 1201 ,
424 1160 525 1208 quam
541 1155 633 1204 quod
644 1155 784 1189 ieerores
795 1164 910 1186 omnes
921 1163 1056 1200 rogatos
1069 1163 1128 1186 ve-

337 1211 398 1246 lim
409 1233 418 1248 ‚
433 1222 474 1243 ne
485 1204 632 1241 aduersus
653 1204 882 1239 monitionem
901 1201 985 1236 adeo
1005 1211 1128 1235 certam

337 1250 369 1296 δὲ
382 1257 584 1306 perspicuam
596 1254 743 1288 animum
756 1251 944 1285 obdurent:
963 1262 1004 1284 ne
1014 1251 1048 1284 in
1061 1261 1129 1284 tam

339 1309 421 1343 clara
432 1309 503 1341 luce
514 1305 664 1340 claudant
674 1303 789 1336 oculos
800 1323 810 1339 ‚
829 1300 899 1347 quo
924 1310 1079 1346 tanquam
1094 1300 1128 1333 in

337 1356 484 1393 tenebris
497 1353 622 1400 semper
633 1352 743 1386 seduci
758 1349 787 1384 se
798 1351 972 1396 patiantur.
1001 1349 1033 1382 Si
1046 1359 1130 1395 prae-

338 1407 525 1454 stigiatores
544 1401 642 1437 essent
665 1401 684 1435 a
703 1399 824 1447 quibus
845 1401 888 1433 ita
900 1396 1131 1433 fascinarentur

338 1457 429 1490 oculi
449 1453 573 1491 nostri,
586 1461 621 1485 vt
641 1450 739 1497 digiti
755 1450 787 1483 in
801 1460 863 1482 vna
886 1459 983 1481 manu
1004 1445 1055 1481 sex
1067 1444 1128 1481 effe

339 1505 531 1539 viderentur
543 1525 552 1541 ‚
562 1500 673 1536 tamen
683 1499 723 1533 εὸ
735 1499 835 1545 vsque
847 1496 983 1531 essemus
998 1496 1130 1531 circun-

340 1553 442 1602 specti
454 1576 463 1591 ‚
480 1564 514 1586 vr
526 1551 713 1585 cautionem
725 1546 957 1581 adhiberemus
976 1545 1129 1580 aduersus

340 1602 570 1650 imposturam.
589 1596 777 1633 Hicautem
799 1596 904 1630 nullus
916 1596 959 1629 est
971 1595 1131 1643 ingenio-

340 1650 500 1688 susacms.
514 1647 664 1683 Tantum
677 1645 740 1680 hoc
752 1647 915 1693 agitur,;1n
927 1644 1058 1678 credere
1071 1655 1132 1678 ve-·

341 1701 438 1735 limus
453 1702 499 1734 D.
514 1698 647 1732 Ioannis
662 1695 805 1742 digitum
818 1692 878 1728 effe
892 1693 1065 1728 Florentiae
1076 1716 1086 1732 ‚
1098 1697 1132 1729 δε

341 1751 493 1797 quinque
513 1748 582 1782 aliis
598 1746 632 1779 in
651 1745 744 1779 locis.
773 1743 867 1777 Idem
887 1743 928 1776 de
945 1743 1130 1791 Lugduno,

340 1797 549 1847 Biturigibus
562 1800 592 1831 &
603 1795 749 1841 reliquis·
777 1794 861 1835 Vel,
875 1802 909 1825 vt
921 1790 1132 1838 paucioribus

342 1849 507 1887 dicam,an
520 1846 660 1880 velimus
673 1842 804 1877 credere
816 1840 866 1875 sex
876 1841 1002 1888 digitos
1013 1842 1059 1874 no
1071 1839 1132 1874 nisi

342 1909 446 1932 vnum
461 1892 519 1930 effe
531 1918 541 1934 ‚
553 1904 607 1928 aut
627 1893 759 1926 vnicum
777 1888 837 1924 effe
851 1888 923 1923 sex?
937 1891 991 1924 De
1003 1889 1043 1923 iis
1055 1900 1131 1923 tan-

344 1945 415 1981 turn
427 1957 496 1992 quae
506 1942 590 1978 mihi
602 1941 737 1988 cognita
751 1939 822 1973 sunt
835 1937 934 1971 verba
951 1936 1056 1972 facio:
1069 1950 1132 1972 nec

344 1994 466 2030 dubito
486 2018 496 2033 ‚
518 1992 540 2026 si
558 1992 768 2038 inquirentur
787 1987 1001 2033 diligentius,
1022 1986 1131 2021 adhuc

344 2043 488 2079 totidem
502 2041 581 2076 alibi
592 2049 757 2086 repertum
766 2037 816 2071 iri.
829 2036 960 2082 Capitis
974 2035 1060 2070 certe
1070 2036 1132 2069 alia

342 2092 449 2128 adhuc
469 2090 651 2139 fragmenta
668 2086 907 2133 reperirentur,
923 2096 994 2131 quae
1011 2085 1132 2119 taurini

342 2142 460 2188 capitis
484 2136 749 2193 magnitudinem
769 2133 965 2181 superarent.
990 2133 1129 2173 Verum,

343 2189 475 2237 nequid
497 2186 783 2235 praetermitterent
795 2206 806 2222 ‚
825 2181 1014 2221 finxerunt,
1034 2184 1131 2216 etiam

345 2237 376 2274 se
387 2241 455 2273 eius
466 2237 585 2271 habere
597 2235 721 2268 cineres
733 2256 742 2271 ‚
754 2243 901 2279 quorum
918 2242 1042 2278 partem
1055 2232 1130 2266 Ge*

342 2300 414 2323 nuae
434 2311 444 2326 ,
466 2287 597 2320 alteram
626 2284 742 2318 Romae
763 2280 804 2316 ad
826 2280 961 2314 Ioannis
993 2282 1129 2315 Latera-

345 2336 453 2371 nenlis
470 2333 530 2369 effe
551 2332 669 2368 ferunt.
697 2334 745 2365 At
762 2329 900 2376 legimus
920 2340 976 2362 eos
987 2340 1044 2376 per
1060 2331 1131 2364 aera

346 2384 468 2433 sparsos
481 2381 632 2418 fuiffezac
645 2379 863 2415 nihilominus
884 2378 1004 2412 iadiant
1015 2376 1046 2412 se
1064 2377 1130 2411 bo-

345 2448 422 2470 nam
433 2445 547 2468 eotum
558 2430 678 2466 habere
691 2440 867 2477 partern‚ac
877 2426 1044 2476 presertim
1057 2427 1131 2462 Ge-

347 2480 497 2519 nuenses.

395 2533 497 2567 Nunc
509 2528 630 2564 restant
650 2540 687 2562 ea
705 2536 775 2573 quae
786 2523 936 2572 proxime
952 2524 991 2559 ad
1014 2536 1133 2572 corpus

350 2582 531 2617 accedunt:
546 2577 650 2612 veluti
663 2577 815 2614 Calceus,
827 2575 884 2621 qui
894 2574 1032 2609 Lutetiae
1042 2575 1087 2609 est
1097 2588 1132 2608 a-

350 2631 417 2678 pud
431 2625 801 2673 Cartulianos‚qui:1nte
813 2623 989 2657 duodecim
999 2635 1054 2657 aut
1065 2635 1134 2658 tre-

350 2679 459 2714 decim
473 2688 578 2712 annos
591 2673 760 2722 subreptus
782 2670 903 2706 fuerat:
924 2669 978 2706 sed
998 2673 1135 2719 repente

350 2727 477 2776 prodiit
490 2737 599 2761 recens
611 2725 702 2758 alius.
711 2721 755 2756 Et
767 2719 839 2756 sane
850 2721 995 2767 quandiu
1004 2720 1136 2768 supere-

352 2779 407 2812 rfit
423 2774 567 2818 calcearii
578 2786 646 2807 non
659 2773 797 2807 deerunt
808 2770 889 2805 tales
901 2770 1137 2816 reliquiae-Ro-

352 2837 413 2860 mae
424 2824 463 2858 ad
475 2823 610 2857 Ioannis
629 2817 868 2857 Lareranensrs,
887 2819 1008 2853 iaetant
1022 2818 1053 2854 se
1069 2820 1138 2854 eius

352 2874 473 2908 habere
486 2873 630 2907 cilicium
643 2894 653 2910 ,
667 2870 707 2905 de
718 2880 787 2916 quo
799 2869 832 2902 in
847 2867 1029 2914 Euangelio
1051 2869 1141 2903 nulla

354 2922 394 2958 fit
413 2923 541 2957 mentio
553 2937 560 2954 :
572 2919 632 2954 nisi
651 2919 743 2967 quod
757 2914 893 2951 refertur
903 2928 977 2950 eum
997 2917 1072 2964 pilis
1084 2929 1139 2951 ca-

354 2972 519 3006 melorum
532 2969 686 3004 indutum
699 2964 792 3003 fuiffe
802 2980 811 3000 ε
823 2964 984 2999 vestemin
996 2965 1140 3000 cilicium

355 3030 548 3055 conuertere
561 3019 689 3052 volunt.
703 3015 831 3051 Ibidem
843 3013 934 3047 aiunt
945 3012 973 3047 se
984 3026 1069 3048 aram
1080 3014 1140 3048 ha-

355 3066 541 3114 bere,super
552 3079 615 3113 qua
628 3067 660 3099 in
670 3063 797 3099 deserto
810 3061 999 3110 precabatur
1011 3062 1140 3097 :ac-fleo

354 3129 506 3165 tempore
515 3116 625 3150 alteria
636 3127 672 3148 ex
683 3114 778 3148 omni
790 3110 1011 3150 occasione,&
1021 3113 1140 3159 quouis

356 3167 478 3202 inloco
491 3165 616 3211 erigere
628 3160 714 3195 soliti
725 3160 864 3196 fuissent.
896 3161 1020 3194 Mirum
1040 3161 1141 3196 etiam

355 3214 449 3264 quod
475 3212 559 3248 nihil
579 3213 620 3245 de
634 3209 730 3244 m'issae
747 3209 969 3244 celebratione
983 3210 1013 3243 ei
1028 3210 1141 3256 impo-

356 3274 452 3299 nunt.
468 3263 639 3298 Aninione
649 3258 695 3294 est
705 3258 786 3293 enfis
797 3281 807 3297 ‚
819 3270 886 3305 quo
899 3257 959 3304 ipfi
969 3268 1143 3304 caputam..

357 3323 509 3361 putatum
520 3309 595 3347 fuit.
619 3310 726 3357 Aquis
738 3308 772 3342 in
790 3306 973 3344 Germania
987 3307 1141 3348 linteum,

868 208 1372 246 ADMONITIO

1170 273 1262 319 quod
1274 272 1330 307 sub
1348 272 1420 320 ipso
1432 272 1597 308 extensum
1618 272 1663 308 est
1682 273 1757 309 cum
1778 273 1957 313 decollatus

1171 320 1243 355 fuit.
1258 322 1437 368 Equidem,
1453 323 1542 356 vnde
1553 333 1641 357 tanta
1651 324 1838 370 spiculatori
1850 329 1958 360 comi-

1172 370 1377 408 taS,libenter
1388 370 1467 405 scire
1480 373 1578 415 ve‘lim
1591 377 1666 419 :qui
1677 384 1743 406 tam
1754 372 1917 420 benignus
1930 375 1961 409 ei

1171 416 1247 458 fuit,
1262 430 1297 453 vt
1306 420 1411 454 solum
1421 422 1555 454 carceris
1565 422 1682 468 tapetis
1696 421 1852 456 sterneret
1862 446 1873 462 ,
1886 424 1963 458 cum

1172 468 1272 501 vellet
1284 480 1358 502 eum
1370 480 1435 503 tam
1450 469 1680 516 ignominioso
1703 471 1822 504 mortis
1842 483 1962 519 genere

1172 514 1312 550 afficere.
1339 516 1468 552 Nonne
1487 517 1628 552 absurdae
1647 518 1838 554 stoliditatis
1863 519 1909 555 est
1928 520 1963 555 id

1176 565 1385 600 comminisci
1403 569 1416 600 ἓ
1447 567 1630 601 Enimuero
1642 591 1650 606 ,
1664 569 1839 614 quomodo
1852 568 1909 603 ista
1920 569 1962 604 ad

1174 627 1288 647 eorum
1299 627 1410 649 manus
1420 619 1662 662 peruenerunt?
1675 618 1787 665 Qun
1801 617 1964 653 verisimi-

1174 664 1203 696 le
1214 662 1257 697 est
1269 675 1343 698 eum
1358 665 1451 711 aquo
1464 665 1681 712 interemptus
1697 665 1757 700 fuit
1769 688 1779 704 ‚
1792 665 1858 700 fiue
1869 665 1965 700 satel-

1174 713 1219 746 les
1235 711 1392 751 ess'et,{iue
1406 712 1702 760 spiculator,lintefi
1717 714 1965 763 dediffe,&gla-

1175 761 1268 794 dium
1280 760 1382 802 suum,
1401 773 1436 796 vt
1449 775 1485 796 ex
1497 763 1535 796 iis
1548 761 1666 797 fierent
1678 764 1846 810 reliquiar?
1875 764 1967 799 curn

1175 809 1259 844 adei>
1269 809 1453 846 absolutum
1465 813 1560 845 omni
1570 825 1606 846 ex
1615 824 1704 859 parte
1712 813 1922 859 reliquiarum
1933 825 1968 847 a.

1177 871 1308 893 ceruum
1319 872 1437 907 cogere
1450 861 1730 909 vellent,grauiter
1744 873 1920 908 peccarunt
1932 862 1968 896 in

1177 908 1326 954 e0,qu‹‘>d
1338 909 1539 943 Herodiadis
1553 913 1692 944 cultrum
1705 909 1967 957 pretermiserfit,

1176 968 1244 1004 quo
1257 957 1374 991 vulnus
1386 960 1485 992 oculo
1497 960 1565 991 eius
1578 957 1749 993 inflixerat:
1763 970 1917 1006 praeterea
1925 972 1969 994 o·-

1178 1018 1292 1040 rnnem
1310 1003 1499 1054 sanguinem
1513 1008 1571 1053 qui
1584 1005 1700 1043 effusus
1712 1008 1875 1055 est‚atque
1884 1008 1969 1043 adeo

1177 1053 1383 1101 sepulchrum
1394 1055 1644 1103 ipsum.Verum
1657 1069 1720 1103 ego
1733 1056 1799 1104 ipse
1813 1057 1879 1092 falli
1891 1056 1971 1105 pos-

1177 1103 1321 1138 scmznec
1332 1105 1422 1139 enim
1435 1103 1556 1146 scio,an
1568 1104 1646 1139 alibi
1658 1107 1806 1152 praeclara
1820 1105 1878 1140 ista
1891 1118 1969 1141 mo-

1178 1153 1258 1188 nilia
1269 1154 1492 1199 reperiantur.=

1225 1203 1327 1236 Nunc
1339 1203 1503 1249 prodeant
1516 1201 1572 1237 suo
1583 1202 1703 1239 ordine
1716 1202 1885 1251 Apostoli.
1907 1204 1971 1240 Sed

1179 1252 1255 1298 quia
1267 1252 1448 1286 multitudo
1469 1250 1700 1288 confusionem
1719 1266 1831 1301 parere
1851 1252 1970 1300 poffet,

1180 1301 1220 1334 de
1231 1303 1331 1334 Petro
1346 1306 1377 1337 &
1387 1302 1489 1335 Paulo
1500 1326 1509 1340 ,
1521 1301 1668 1348 primum
1689 1315 1822 1350 agemus
1843 1302 1970 1350 separa-

1180 1351 1242 1383 tim
1256 1363 1265 1384 :
1279 1349 1400 1384 deinde
1410 1351 1450 1384 de
1463 1351 1596 1384 caeteris.
1620 1352 1738 1386 Romae
1758 1350 1831 1386 sunt
1853 1363 1972 1386 eorum

1180 1400 1484 1445 corpora.Dimidia
1494 1411 1565 1446 pars
1573 1399 1612 1433 ad
1624 1400 1826 1439 Petri‚altera
1838 1401 1879 1435 ad
1888 1403 1974 1434 Pau-

1180 1447 1214 1483 li.
1229 1454 1342 1495 Atque
1354 1447 1550 1494 Syluestrum
1565 1461 1600 1482 ea
1611 1447 1736 1482 librafl‘e
1747 1449 1840 1483 aiunt
1851 1471 1861 1488 ‚
1877 1459 1912 1483 vt
1930 1460 1975 1483 ae-

1180 1498 1290 1544 quales
1301 1499 1458 1544 *vtrinque
1469 1507 1575 1544 partes
1588 1496 1811 1532 distribueret.
1841 1497 1975 1533 Vtrius-

1181 1558 1245 1593 que
1259 1557 1353 1593 caput
1364 1547 1409 1582 est
1423 1548 1522 1581 etiam
1533 1547 1652 1580 Romae
1665 1547 1704 1581 ad
1717 1547 1853 1581 Ioannis
1874 1549 1975 1581 Late-

1180 1595 1357 1629 teranensis
1369 1610 1376 1629 :
1389 1595 1515 1639 tametsi
1528 1594 1561 1628 in
1575 1596 1692 1629 eodem
1704 1596 1844 1643 templo,
1863 1596 1977 1638 vnuse

1182 1643 1339 1678 dentibus
1353 1646 1441 1679 Petri
1451 1643 1620 1692 separatim
1633 1643 1800 1679 habeatur.
1814 1643 1903 1679 Cum
1915 1644 1978 1693 hec

1181 1693 1228 1727 ita
1239 1692 1312 1733 sint,
1326 1696 1372 1727 116
1384 1705 1495 1728 tamen
1508 1705 1623 1728 eorum
1635 1692 1832 1741 offavbique
1843 1691 1904 1728 effe
1916 1695 1979 1730 de-

1181 1742 1304 1777 sinunt.
1318 1743 1433 1777 Veluti
1445 1742 1582 1787 Pietauij
1594 1766 1604 1782 ,
1616 1741 1807 1777 mandibula
1817 1744 1905 1777 Petri
1915 1741 1978 1777 ha-

1182 1790 1280 1825 betur
1293 1803 1368 1826 cum
1389 1791 1500 1826 barba.
1529 1793 1688 1826 Treueris
1700 1815 1710 1831 ‚
1724 1792 1892 1837 Vtriusque
1911 1789 1977 1825 offa

1182 1841 1357 1887 permulta.
1369 1843 1574 1889 Argentonae
1584 1840 1787 1887 Biturigum,
1799 1839 1890 1873 Pauli
1907 1838 1975 1874 hu-

1182 1901 1301 1923 merus.
1315 1890 1376 1931 Sed
1390 1892 1462 1936 quis
1476 1901 1619 1936 vnquam
1632 1888 1708 1923 finis
1719 1889 1802 1922 erit?
1815 1886 1976 1922 Vbicun-

1182 1950 1246 1984 que
1257 1937 1347 1973 enim
1361 1939 1484 1984 templa
1496 1946 1606 1972 extant
1617 1937 1657 1970 iis
1670 1936 1774 1971 dicata
1785 1959 1796 1975 ‚
1816 1935 1863 1970 ibi
1873 1937 1975 1971 etiam

1182 1986 1255 2020 sunt
1265 1999 1379 2021 eorum
1391 1986 1582 2033 reliquiae.Si
1596 1985 1706 2032 quales
1716 1984 1967 2032 fint‚quaeratur:

1181 2046 1356 2070 reuocetur
1374 2036 1409 2070 in
1429 2035 1621 2070 memoriam
1633 2035 1727 2079 quale
1747 2032 1809 2068 fuit
1822 2033 1971 2068 cerebel-

1181 2085 1250 2118 lum
1271 2086 1318 2118 D.
1330 2085 1418 2118 Petri
1435 2107 1445 2122 ,
1464 2083 1504 2117 de
1521 2094 1589 2130 quo
1605 2085 1693 2129 prius
1707 2081 1774 2116 sum
1797 2083 1972 2129 loquutus,

1182 2133 1273 2179 quod
1293 2143 1360 2166 erat
1378 2133 1417 2167 ad
1437 2132 1541 2166 maius
1568 2132 1667 2165 altare
1695 2130 1791 2165 huius
1813 2132 1967 2167 ciuitatis.

1182 2181 1479 2228 Qmadmodum
1501 2181 1666 2226 pumicem
1689 2178 1750 2214 effe
1760 2191 1972 2227 compertum

1182 2230 1227 2265 est
1241 2254 1250 2270 ,
1264 2229 1307 2264 sic
1320 2230 1478 2277 permulta
1499 2230 1719 2275 reperirentur
1739 2238 1795 2262 aut
1805 2240 1971 2276 equorum

1181 2291 1234 2314 aut
1247 2292 1360 2313 cauum
1372 2276 1436 2312 ossa
1449 2301 1459 2319 ‚
1471 2289 1542 2325 quae
1552 2275 1683 2312 duobus
1696 2275 1783 2312 hisce
1791 2278 1969 2327 Apostolis

1180 2327 1381 2364 tribuuntur.

1240 2378 1393 2424 Corpora
1415 2374 1652 2423 subsequuntur
1669 2387 1784 2410 eorum
1803 2375 1969 2423 appendi-

1183 2426 1304 2461 ces.Ad
1314 2426 1490 2461 Saluatoris
1502 2427 1535 2460 in
1546 2423 1614 2460 His
1610 2425 1851 2472 pania‚crepida
1863 2423 1969 2459 habe-

1182 2486 1245 2510 tur.
1272 2477 1328 2510 De
1339 2476 1430 2509 cuius
1453 2472 1558 2508 forma
1579 2475 1758 2510 &materia
1771 2472 1971 2521 respondere

1183 2537 1327 2571 nequeo.
1355 2524 1418 2558 Sed
1435 2522 1686 2558 existimandum
1705 2522 1769 2557 hoc
1782 2532 1971 2557 mercaturae

1184 2586 1288 2621 genus
1300 2572 1407 2618 sim-ile
1415 2570 1475 2605 esse
1485 2573 1523 2605 iis
1534 2595 1544 2612 ‚
1564 2583 1635 2619 quae
1647 2572 1783 2616 Pierauij
1795 2570 1972 2612 habentur,

1185 2634 1256 2669 quae
1267 2635 1304 2656 ex
1319 2622 1420 2655 serico
1431 2619 1499 2655 raso
1512 2620 1583 2655 sunt
1593 2644 1603 2660 ‚
1619 2625 1652 2657 δι
1663 2632 1740 2655 auro
1751 2619 1971 2668 segmentatae.

1185 2672 1236 2706 En
1250 2681 1286 2705 vt
1295 2668 1441 2717 spledide
1451 2679 1586 2704 ornatur
1597 2668 1671 2717 post
1680 2679 1837 2708 mortem,
1846 2678 1883 2702 vt
1890 2681 1975 2716 pau-

1186 2730 1293 2767 pertas
1304 2719 1337 2754 in
1348 2731 1411 2765 qua
1419 2718 1523 2753 vitam
1535 2716 1780 2766 egit‚sarciatur.
1797 2718 1977 2765 *Qoniam

1188 2766 1319 2803 huiusce
1337 2767 1499 2813 temporis
1515 2767 1681 2814 episcopi,
1703 2767 1781 2802 dum
1794 2765 1978 2813 pontifica-

1187 2818 1252 2852 lem
1275 2816 1474 2851 maiestatem
1493 2815 1722 2864 repraesentant
1733 2838 1744 2855 ,
1765 2815 1810 2849 ita
1820 2815 1907 2849 laute
1918 2827 1980 2849 ve-

1188 2865 1328 2901 stiuntur
1337 2889 1347 2904 ,
1357 2864 1516 2913 derogare
1537 2864 1598 2899 fibi
1618 2865 1809 2899 viderentur
1829 2864 1979 2911 Aposto-

1189 2915 1297 2949 lorum
1310 2914 1488 2962 dignitati,
1502 2912 1561 2948 nisi
1571 2913 1660 2948 idem
1672 2911 1748 2960 ipsis
1767 2909 1975 2959 affingerent.

1189 2965 1338 2998 Pietores
1350 2962 1486 3009 quidem
1498 2962 1715 3010 imagunculas
1727 2958 1883 3008 effingere
1895 2958 1974 3007 pos-

1190 3014 1262 3047 sunt
1272 3011 1327 3046 suo
1337 3009 1591 3058 arbitratu,ipsas
1603 3008 1978 3056 inaurand0,variosque

1188 3061 1317 3108 &capite
1325 3060 1364 3095 ad
1381 3061 1503 3094 calcem
1514 3058 1708 3094 adhibendo
1720 3058 1978 3096 ornatus‚dein-

1190 3111 1232 3145 de
1242 3121 1366 3144 nomen
1377 3109 1464 3143 Petri
1475 3120 1528 3143 aut
1540 3107 1629 3142 Paul'i
1640 3129 1650 3146 ‚
1662 3117 1716 3141 aut
1727 3107 1822 3154 quale
1831 3105 1907 3154 ipsis
1924 3107 1980 3142 vi-

1191 3157 1259 3194 sum
1279 3156 1324 3193 est
1343 3157 1522 3192 tribuendo
1536 3171 1543 3191 :
1559 3156 1611 3190 sed
1626 3168 1695 3190 non
1719 3157 1890 3202 ignoratur
1910 3167 1979 3202 quo

1192 3207 1364 3256 vestigium
1375 3218 1496 3254 genere
1507 3207 1540 3240 in
1552 3205 1618 3239 hoc
1637 3205 1764 3239 mundo
1783 3203 1905 3240 fuerint
1924 3206 1979 3239 in-

1192 3256 1265 3291 duti
1278 3270 1287 3290 ε
1299 3255 1383 3289 haud
1397 3256 1461 3289 alio
1472 3255 1592 3296 scilicet
1614 3252 1714 3300 quarn
1727 3254 1846 3300 inopes
1861 3251 1978 3288 homi-

1193 3316 1262 3341 nes.
1288 3302 1346 3340 Est
1364 3304 1464 3339 etiarn
1484 3304 1602 3340 Romae
1620 3300 1812 3350 episcopalis
1825 3297 1979 3337 cathedra

1876 3350 1979 3390 Petri,
