2113 3674
300 188 364 223 888
842 180 859 214 I
877 178 906 214 I.

307 248 355 284 rei
367 245 554 294 exemplum
567 254 636 279 non
655 239 754 277 semel
773 251 828 275 aut
843 242 964 276 iterum
976 253 1096 277 occur-

309 299 352 333 rit
363 311 372 332 ε
385 296 436 331 scd
449 295 533 343 apud
547 294 668 340 peritos
687 301 824 337 propter
841 290 928 326 surim
940 288 1096 338 frequen-

311 349 393 381 tiam
404 346 500 379 instar
513 342 557 377 est
570 341 711 376 commis
721 340 978 386 regulae.Neque
988 351 1098 375 tamen

309 394 399 429 inani
410 393 512 440 figura
527 389 689 438 p.:scimus
702 388 851 423 fidelium
867 389 1099 436 oculos‚quire

308 442 374 491 ipsa
389 442 577 477 Dominum
598 438 689 486 quod
702 435 835 472 testatur
859 437 1005 484 praestare
1015 438 1098 473 clare

307 487 541 527 afferimus-:scd
553 487 683 522 tanturn
694 485 852 535 distingui
866 488 1068 526 volumus‚vt
1081 487 1099 521 ὲ

309 540 404 589 {igno
417 544 449 576 &
463 537 594 573 afflone
615 534 736 570 visibili
750 536 790 570 ad
811 548 878 570 tem
899 534 1099 582 spiritualem

312 599 462 636 anagoge
479 585 548 621 fiat.
567 584 736 629 Quorsum
748 585 837 619 enim
851 583 1051 620 subterrenis
1062 596 1099 618 e-

309 637 464 673 lementis
479 636 582 670 carnis
598 639 630 671 &
647 633 811 682 sanguinis
826 633 870 669 sui
887 635 1004 681 pignus
1018 645 1099 680 pro-

305 687 407 735 ponit
419 684 591 729 Christus,
610 682 669 718 nisi
681 694 717 717 vt
739 695 801 717 nos
823 681 943 717 sursum
953 683 1097 717 attollat?

306 734 413 776 Quod
428 734 449 769 si
463 734 618 768 ruditatis
628 733 743 766 nostrae
753 731 948 766 adminicula
960 730 1045 769 sunt,
1056 730 1098 765 ad

305 797 376 820 rem
387 781 488 830 ipsam
502 794 602 817 nemo
618 793 762 828 vnquam
773 781 939 828 pertinget
948 803 958 820 ,
969 779 1027 814 nisi
1038 780 1097 826 qui

305 834 351 868 ita
367 833 496 867 adiutus
507 855 519 872 ‚
541 831 651 866 aterra
664 833 698 865 in
710 830 831 864 coelum
849 829 936 877 quasi
957 841 1010 876 per
1020 840 1097 875 gra-

303 882 365 917 dus
388 880 597 916 conscendet.
627 882 744 926 Itaque
762 891 832 913 non
855 878 961 913 modo
981 888 1096 912 toturn

303 929 590 966 Christiordinem
603 938 807 975 peruertunt‚
817 927 870 962 sed
881 927 1016 975 Spiritui
1026 926 1098 960 Dei·

302 978 397 1015 suurn
410 978 554 1026 eripiunt
565 977 727 1024 loquendi
739 988 863 1011 morem
874 1000 883 1016 ,
902 977 958 1023 qui
970 985 1096 1022 negant

301 1027 362 1064 sub
375 1029 466 1075 panis
480 1026 632 1074 symbolo
647 1024 866 1072 repraesentari
878 1024 977 1059 nobis
990 1028 1014 1058 Q
1023 1025 1095 1058 hri-

301 1076 343 1114 sti
352 1087 482 1123 corpus,
495 1078 567 1111 Hac
580 1075 708 1110 ratione
721 1076 885 1121 Corporis
899 1085 1022 1108 nomen
1035 1085 1094 1120 pa—

286 1128 339 1163 ‚ni
353 1125 485 1160 tribuit.
515 1124 568 1160 ΙΞὸ
582 1122 683 1171 vsque
700 1123 782 1158 vero
792 1122 897 1157 efferri
912 1146 922 1162 ,
942 1123 1094 1157 vtinter-

302 1176 524 1223 pretationem
548 1186 608 1221 pro
630 1173 756 1207 summo
777 1171 945 1219 sacrilegio
965 1170 1095 1206 haben-

303 1225 378 1260 dam
392 1225 574 1262 clamitent,
595 1222 686 1257 cuius
702 1220 870 1256 modestiae
879 1221 945 1255 est?
969 1221 1094 1255 Fontes

301 1274 406 1309 totius
426 1270 656 1307 controuerfiae
679 1271 789 1318 digito
814 1269 994 1305 monstrare
1020 1271 1094 1316 pla-

301 1324 391 1361 cuit,
408 1320 580 1369 exquibus
602 1330 725 1367 pateret
744 1318 885 1367 superbo
906 1319 1010 1365 magis
1030 1318 1093 1353 ad-

297 1370 396 1407 -uersae
408 1372 509 1418 partis
517 1368 648 1406 fastidio
660 1394 671 1409 ,
693 1368 793 1417 quam
806 1368 983 1403 iustacausa
997 1365 1093 1402 diffi-

300 1421 412 1459 dium,
431 1419 523 1468 quod
536 1420 718 1454 extinctum
737 1416 798 1453 effe
818 1417 997 1457 debuerat,
1019 1429 1093 1453 rur-

299 1468 350 1503 sus
367 1469 521 1504 accendi:
534 1470 624 1504 cuius
636 1467 658 1502 fi
670 1465 832 1502 funestum
845 1472 877 1503 ὅς
891 1467 1093 1502 lamentabi-

297 1518 365 1554 lem
375 1520 499 1552 exitum
515 1518 637 1551 timetis
649 1540 659 1555 ‚
681 1526 716 1551 vt
729 1517 815 1551 certe
842 1518 1009 1551 timendus
1031 1512 1092 1556 est,

297 1577 360 1601 vos
372 1579 429 1613 per
439 1564 562 1601 sacrum
577 1565 704 1601 Christi
722 1578 845 1600 nomen
859 1589 868 1605 ,
880 1570 911 1601 δι
928 1565 1045 1602 nostra:
1055 1569 1091 1602 in

298 1614 371 1662 ipso
384 1615 517 1649 vnitatis
529 1612 697 1649 vinculum
708 1614 858 1649 obtestor
868 1638 878 1654 ‚
894 1626 928 1649 vt
939 1626 1090 1662 quaeren-

298 1666 345 1699 do
368 1665 518 1698 remedio
536 1665 686 1697 certatim
708 1676 843 1710 operam
864 1664 960 1698 detis.
985 1667 1089 1712 Qae-

297 1724 429 1759 cunque
437 1712 547 1746 oblata
559 1710 657 1746 fuerit
669 1713 915 1747 conciliationis
928 1713 1011 1747 ratio
1027 1737 1036 1753 ,
1049 1715 1089 1750 ad

296 1773 370 1799 eam
388 1762 636 1807 amplexandam
654 1773 708 1795 me
726 1773 794 1794 non
814 1761 920 1795 modo
942 1773 1089 1809 propen-

284 1809 366 1846 vsum
379 1808 521 1848 fore,sed
533 1809 668 1843 alacrem
682 1809 855 1856 profiteor.
866 1808 989 1844 Vestrae
1001 1823 1090 1858 quo-

295 1871 362 1907 que
377 1862 410 1895 &
431 1858 561 1904 pietatis
576 1862 608 1893 δι
624 1857 836 1892 humanitatis
853 1856 993 1893 viciffim
1012 1861 1088 1900 erit,

296 1920 397 1955 quem
412 1905 613 1954 cognoscitis
634 1908 763 1952 optima
787 1905 898 1942 fide&
921 1919 996 1942 cum
1018 1907 1088 1943 fru-

296 1959 352 1993 ἂυ
363 1968 431 1990 non
443 1954 639 2002 poenitendo
648 1953 699 1989 sua
709 1955 824 1988 omnia
834 1953 938 1989 studia
948 1960 979 1990 &
991 1956 1088 1991 labo-

295 2018 346 2041 res
356 2029 364 2042 2
375 2007 407 2040 in
418 2002 568 2039 Ecclesiae
578 2001 830 2037 aedificationem
840 2001 989 2038 conferre
998 2027 1008 2043 ,
1022 2017 1087 2051 po,

296 2056 361 2089 tius
374 2052 541 2088 subleuare
554 2075 563 2091 ‚
580 2052 683 2099 quam
704 2051 894 2085 calcandum
911 2054 1086 2097 permitte-

295 2116 330 2138 re
345 2102 526 2149 importuni
544 2099 693 2135 hominis
715 2099 860 2134 libidini.
884 2100 945 2133 Sed
955 2102 1036 2147 quid
1046 2102 1088 2137 de

295 2164 350 2188 me
369 2151 520 2199 priuatim
539 2149 694 2196 loquor?
724 2148 818 2192 Qin
842 2147 955 2182 sanstae
975 2153 1086 2196 potius

293 2213 369 2236 cum
381 2210 433 2235 tot
453 2197 605 2234 Ecclesiis
625 2197 893 2236 coniunctionis,
915 2209 1012 2244 quam
1026 2198 1086 2234 iste

291 2249 488 2296 abrumpere
500 2258 649 2286 conatur,
661 2245 757 2280 vobis
770 2244 920 2280 habenda
930 2247 1083 2282 ratioest.

283 2297 575 2347 ·Qicquidrenim
592 2297 626 2330 in
651 2295 994 2341 contrariam-partem.
1011 2290 1084 2331 bla-

280 2357 395 2386 2tetet‚
420 2347 453 2380 in
466 2345 562 2381 «hunc
582 2344 659 2379 fidei
682 2342 893 2382 consensum,
911 2355 949 2378 ex
969 2343 1083 2380 misera

292 2399 430 2443 Papatus
442 2392 652 2441 dissipatione
663 2405 730 2426 non
751 2392 940 2427 humanitus
949 2405 1011 2427 nos
1023 2406 1082 2429 co-

281 2443 401 2480 ‘a'luiss'e
411 2454 538 2478 certum
550 2443 610 2477 est.
633 2443 687 2476 De
698 2442 796 2476 vnico
812 2443 890 2475 Deo
902 2465 912 2482 ‚
935 2440 1084 2490 veroque

283 2493 507 2541 &flegitimo
527 2492 595 2527 eius
607 2493 694 2526 cultu
706 2513 716 2530 ‚
739 2491 778 2524 de
796 2492 924 2537 generis
945 2491 1083 2529 humani

293 2543 511 2588 corruptione
524 2563 534 2580 ‚
546 2541 586 2579 de
599 2538 696 2575 salute
707 2550 858 2585 gratuita,
869 2540 908 2574 de
919 2539 1082 2580 obtinen-

281 2591 341 2629 ,dae
357 2590 484 2626 iustiriae
497 2589 615 2628 modo,
630 2585 792 2626 deofficio
803 2592 834 2623 δι
843 2593 963 2624 virtute
975 2590 1080 2629 Chri—

278 2639 346 2679 .·sti,
359 2640 398 2674 de
410 2633 756 2686 poenitentia‚eii'1sque
767 2638 1078 2680 exercitiimevfide,

285 2707 289 2709 -
319 2699 364 2722 uae
386 2688 417 2722 in
433 2687 603 2735 Euangelij
625 2683 856 2734 'promissiones
869 2686 1077 2728 recumbens,

291 2700 648 2773 glutis-certitudinem
661 2733 758 2769 nobis
772 2732 875 2774 affert,
890 2736 929 2770 de
940 2740 1078 2771 inuoca-

292 2785 386 2820 tione
399 2786 479 2823 Dei,
493 2784 627 2832 aliisque
639 2783 810 2831 praecipuis
823 2784 985 2830 capitibus
999 2809 1008 2823 ‚
1022 2798 1077 2821 ea-,

291 2832 369 2871 dem
383 2836 538 2879 vtrinque
557 2833 643 2880 apud
659 2843 721 2867 nos
739 2831 890 2866 doetrina
909 2832 1070 2880 personati

291 2883 407 2920 Vnum
420 2881 530 2916 Deum
541 2885 670 2917 Patrem
682 2881 800 2916 eodem
812 2881 998 2916 Mediatore
1009 2881 1074 2920 fre÷

291 2931 542 2969 ti,inuocamus:
556 2931 644 2964 idem
657 2929 850 2977 adoptionis
861 2931 998 2976 Spiritus
1010 2944 1076 2966 no-

289 2978 342 3013 bis
354 2976 466 3014 futurae
478 2977 673 3012 haereditatis
681 2991 749 3014 arra
759 2977 816 3018 est.
836 2979 966 3012 Eodem
976 2979 1053 3014 sacri
1063 2999 1075 3007 ι

290 3026 372 3062 ficio
383 3036 443 3060 nos
453 3038 572 3061 omnes
582 3024 738 3072 Christus
746 3026 982 3064 reconciliauitz
995 3029 1030 3070 in
1039 3041 1074 3063 ea

287 3075 412 3115 iustitia
427 3097 438 3113 ‚
461 3087 560 3122 quam
577 3073 676 3113 nobis
696 3074 824 3122 peperit
840 3095 851 3111 ‚
866 3074 1073 3120 acquiescunt

288 3134 417 3160 mentes
436 3124 549 3157 nostrae
569 3136 577 3156 :
597 3123 716 3158 eodem
741 3122 850 3169 'capite
877 3123 1068 3168 gloriamur·

286 3173 412 3209 Mirum
425 3171 506 3211 vero
515 3194 524 3209 ‚
537 3170 560 3204 si
574 3170 740 3209 Christus,
751 3182 849 3217 quem
861 3171 1072 3216 praedicamus

277 3233 400 3268 ‚pacem
413 3219 556 3256 nostram
567 3242 578 3258 ‚
602 3223 634 3254 &
654 3222 712 3266 qui
729 3218 856 3254 sublato
865 3217 998 3263 diffidip
1010 3224 1072 3263 Pa—

273 3280 373 3318 mem
386 3267 486 3307 nobis
493 3269 529 3307 in
539 3268 626 3305 cralo
636 3268 776 3321 placauit
786 3291 798 3312 ,
809 3268 988 3319 npnetiam
998 3267 1072 3308 effi-

971 175 1398 219 DEFENSIO

1145 247 1209 279 ciat
1219 270 1227 286 ,
1249 257 1285 280 vt
1296 244 1469 282 fraternam
1483 247 1517 284 in
1526 259 1608 286 terra
1621 263 1734 299 pacem
1745 252 1863 291 muiub
1874 255 1937 292 co—'

1145 297 1260 328 lamus.
1283 296 1377 346 Qid
1395 297 1489 344 quod
1509 300 1608 334 nobis
1626 313 1738 336 contra
1757 304 1936 341 Antichri-

1145 344 1230 378 stum
1243 343 1377 392 eiiilque
1389 346 1705 392 tyrannidemssotra
1716 349 1819 386 foedas
1829 353 1935 390 Chri-

1145 393 1251 426 ssirinae
1261 394 1432 441 religionis
1441 399 1642 444 corruptelas
1654 422 1665 439 ‚
1688 412 1801 435 contra
1815 403 1935 450 impias

1147 439 1404 487 superstitiones,
1414 442 1645 494 sacrorumque
1657 450 1807 486 omnium
1821 450 1937 498 profa-

1148 490 1319 525 nationem
1329 515 1338 531 ,
1353 493 1506 538 quotidie
1516 493 1573 530 sub
1583 497 1703 532 eodem
1717 499 1838 534 vexillo
1850 512 1936 547 prae-

1147 539 1295 574 liandurn
1308 539 1368 574 est?
1385 542 1448 576 His
1459 554 1539 591 ergo
1550 554 1602 579 tot
1616 541 1707 580 sacrae
1717 549 1936 584 coniunctio-

1147 588 1198 622 nis
1209 589 1418 636 pignoribus,
1429 595 1460 627 δι
1470 591 1535 626 hoc
1544 592 1817 642 consensu‚quem
1830 598 1938 633 Diui-

1146 637 1235 671 nitus
1247 638 1405 674 sancitum
1420 637 1510 675 suiffe
1521 642 1937 692 clateapparet‚posthabi-

1147 695 1203 726 to,
1216 686 1397 722 diuortium
1411 689 1495 724 inter
1506 703 1563 724 eos
1584 693 1698 727 moliri
1708 716 1716 731 ,
1726 694 1785 741 qui
1796 694 1939 731 eandem

1146 733 1326 782 sequuntur
1337 737 1554 778 militiam,n6
1565 740 1675 775 minus
1687 742 1825 777 crudelis
1837 741 1940 792 quam

1146 784 1250 831 impia
1261 785 1486 821 membrorum
1501 787 1627 824 Christi
1638 791 1792 826 laceratio
1805 794 1848 827 est
1861 806 1870 827 τ
1883 793 1938 829 cui

1145 844 1207 867 vos
1216 833 1276 868 esse
1288 832 1428 870 fautores
1440 837 1581 872 minime
1593 849 1722 888 aequum
1733 839 1791 879 est,
1803 841 1854 876 vel
1867 842 1938 877 vllo

1144 883 1251 917 modo
1267 882 1441 932 suffragari.
1460 887 1578 921 Valete
1589 888 1787 925 obseruandi
1805 888 1934 927 fratres.

1143 931 1317 967 Dominus
1328 945 1386 967 vos
1399 944 1539 975 tueatur,
1553 934 1609 970 suo
1622 938 1743 983 Spiritu
1753 937 1935 986 gubernet,

1143 992 1179 1013 ac
1188 980 1482 1017 benedictionibus
1495 996 1622 1033 augeat.
1640 988 1805 1030 Geneuae,
1820 989 1936 1026 Nonis

1142 1030 1296 1075 Ianuarij.
1310 1032 1361 1067 M.
1374 1032 1421 1066 D.
1434 1034 1463 1067 L
1475 1035 1548 1069 VI.

1139 1123 1924 1177 ffigssffiffiffieffiffiffiffiffiffiffi

1365 1188 1386 1221 s
1404 1188 1433 1221 E
1452 1188 1484 1223 c
1500 1189 1533 1223 v
1556 1189 1590 1223 N
1617 1189 1653 1223 D
1672 1192 1705 1224 A

1144 1245 1457 1291 DEFENS
1481 1247 1559 1292 IO
1632 1249 1765 1296 PIAE
1835 1252 1936 1302 ET,

1165 1308 1562 1346 ORTHODOXAE
1591 1312 1666 1346 DE
1696 1316 1910 1354 SACRA-

1255 1370 1413 1393 MENTis
1447 1370 1577 1399 finiar,
1610 1373 1823 1401 ADVERsvs
1901 1361 1910 1366 ”

1340 1407 1506 1444 loachimi
1529 1410 1735 1458 VVessphali

1437 1457 1628 1494 calumnias.

1220 1568 1316 1604 ἰωὴ
1348 1565 1383 1600 V
1396 1575 1418 1597 A
1433 1576 1460 1600 M
1482 1565 1606 1601 inuitus
1623 1565 1662 1600 ad
1675 1563 1741 1600 hoc
1751 1565 1932 1608 certa-meni

1158 1620 1179 1652 *J
1196 1595 1291 1661 ff&
1308 1614 1325 1624 '
1349 1616 1442 1660 quod
1461 1614 1502 1649 ab
1523 1616 1623 1650 initio
1643 1613 1811 1663 hucusque
1831 1614 1931 1651 defu-

1172 1670 1174 1672 ’
1215 1657 1265 1708 &ilfi
1279 1660 1313 1703 ist<
1347 1675 1425 1710 gere
1442 1675 1579 1698 conatus
1591 1663 1660 1698 sum
1679 1687 1690 1703 ‚
1709 1677 1798 1699 nunc
1809 1665 1931 1701 iterum

1238 1722 1243 1726 ·
1285 1718 1308 1733 *³
1349 1713 1534 1758 pertrahar,
1551 1714 1665 1755 multis
1687 1713 1797 1748 verbis
1809 1713 1934 1754 testari,

1139 1775 1221 1797 nuni
1233 1760 1355 1797 necesse
1368 1773 1444 1803 ¹non
1456 1759 1515 1796 efl'e
1533 1762 1688 1796 arbitror.
1710 1761 1883 1797 Omnibus
1895 1776 1934 1798 e-

1138 1813 1208 1846 nim
1224 1814 1282 1858 qui
1293 1809 1410 1856 scripu
1421 1823 1493 1845 mea
1506 1811 1659 1858 legerunt
1671 1824 1739 1845 non
1753 1809 1933 1848 obscurum

1138 1859 1302 1907 est,quam
1316 1859 1487 1894 moderate
1497 1862 1839 1908 argumentum,quod
1853 1873 1933 1908 gra-

1138 1920 1194 1942 ues
1206 1911 1293 1943 inter
1305 1910 1378 1955 pios
1397 1914 1429 1944 &
1441 1908 1560 1942 doctos
1578 1910 1667 1943 viros
1678 1920 1803 1955 pugnas
1812 1908 1930 1943 nostro

1135 1955 1248 1991 seculo
1261 1958 1472 1996 excitauetat,
1483 1957 1703 1990 tractauerim:
1716 1968 1750 1990 vr
1764 1956 1842 1990 inde
1851 1959 1931 1991 nul-

1136 2006 1165 2039 la
1183 2004 1294 2045 saltem
1307 2003 1456 2039 acerbior
1466 2001 1604 2038 offensio
1617 2005 1695 2038 oriri
1706 2003 1823 2050 posset.
1835 2006 1928 2040 Nam

1136 2052 1198 2093 etsi,
1211 2053 1354 2093 docendi
1367 2053 1531 2086 rationem
1541 2052 1580 2086 ad
1599 2050 1772 2086 hominum
1787 2054 1929 2101 gratiam

1130 2113 1204 2139 ,non
1215 2100 1326 2136 inflexi
1338 2123 1349 2140 ,
1361 2100 1453 2147 quod
1465 2110 1575 2135 tamen
1594 2100 1738 2147 ingenue
1752 2105 1778 2135 δι
1793 2101 1928 2147 syncere

1130 2161 1173 2184 ,ex
1188 2151 1337 2198 genuino
1355 2149 1456 2182 animi
1474 2149 1540 2183 mei
1560 2147 1650 2183 sensu
1672 2147 1829 2195 professus
1840 2151 1928 2192 sum,

1135 2199 1297 2233 eiusmodi
1315 2208 1381 2232 erat
1392 2221 1401 2236 ‚
1414 2207 1448 2231 vt
1459 2197 1498 2230 ad
1511 2197 1688 2243 placandos
1698 2199 1842 2238 animos,
1855 2213 1923 2235 ma-

1133 2248 1184 2294 gis
1205 2248 1306 2293 quam
1318 2246 1356 2280 ad
1377 2245 1527 2293 augenda
1538 2244 1666 2280 diffidia
1679 2247 1784 2282 valere
1797 2246 1924 2283 debue-

1133 2307 1186 2330 rit.
1213 2297 1303 2331 Nam
1314 2299 1346 2331 δι
1365 2296 1430 2335 iam
1443 2295 1550 2342 aliqua
1561 2307 1598 2329 ex
1610 2305 1700 2343 parte
1720 2294 1844 2331 sedatus
1853 2306 1923 2332 erat

1132 2345 1302 2392 illc‚quem
1317 2344 1405 2387 dixi,
1423 2344 1653 2379 contentionis
1672 2340 1782 2379 feruor
1796 2367 1807 2385 ,
1829 2355 1866 2380 vt
1884 2346 1922 2381 in

1130 2393 1269 2440 placidis
1285 2405 1398 2427 eorum
1410 2391 1645 2439 scriptionibus
1658 2393 1921 2441 puriorliqueret

1130 2443 1177 2475 rei
1190 2442 1378 2489 explicatio.
1400 2443 1452 2476 Ac
1465 2441 1607 2476 libenter
1617 2443 1757 2490 glorior,
1767 2455 1870 2490 quum
1881 2455 1922 2487 af

1130 2490 1166 2535 iij
1178 2492 1217 2526 ad
1229 2491 1311 2525 alios
1333 2489 1470 2538 propius
1487 2490 1641 2525 accedere
1652 2489 1822 2538 coepissent
1833 2515 1842 2532 ,
1857 2504 1920 2526 eo-

1131 2552 1204 2582 rum
1218 2538 1374 2582 consensu
1386 2564 1395 2578 ‚
1418 2538 1496 2574 licet
1507 2539 1660 2574 nondum
1681 2542 1780 2586 pleno
1793 2545 1825 2577 &
1838 2538 1920 2575 soli-

1130 2590 1175 2625 do
1192 2612 1204 2629 ,
1233 2601 1284 2623 me
1312 2587 1402 2623 fuiffe
1423 2600 1492 2622 non
1513 2588 1726 2624 mediocriter
1754 2589 1920 2626 adiutum.

1124 2640 1245 2684 Qum
1271 2639 1359 2679 enim
1381 2637 1398 2672 Ξι
1418 2635 1564 2685 tenebris
1587 2639 1724 2684 Papatus
1747 2635 1918 2686 emergere

1127 2686 1292 2733 incipiens
1303 2709 1313 2725 ,
1321 2685 1413 2721 tenui
1421 2680 1506 2720 -sanae
1516 2685 1675 2720 do&rinae
1685 2684 1780 2733 gustu
1791 2698 1918 2722 conce-

1127 2745 1200 2782 pto,
1214 2735 1357 2782 legerem
1370 2734 1456 2782 apud
1465 2730 1649 2769 Lutsierum
1663 2733 1748 2770 nihil
1757 2735 1791 2770 in
1803 2737 1918 2772 Sacra-

1125 2785 1249 2824 mentis
1259 2782 1299 2827 ab
1313 2782 1591 2831 OEcolampadio
1611 2788 1643 2820 δι
1660 2784 1821 2833 Zuinglio
1836 2786 1918 2820 reli-
1958 2817 1964 2827 ,

1125 2844 1229 2880 quum
1241 2830 1314 2866 fieri
1325 2843 1440 2879 praeter
1450 2830 1551 2866 nu‘d‘as
1560 2837 1592 2868 δι
1602 2832 1714 2867 inahes
1724 2832 1854 2881 figuras:
1868 2834 1915 2870 ita

1125 2894 1179 2921 me
1189 2880 1230 2916 ab
1243 2879 1388 2928 ipsorum
1400 2879 1492 2916 libris
1504 2881 1681 2916 alienatum
1692 2880 1785 2922 fuisse
1794 2881 1911 2923 fateor,

1125 2940 1161 2969 „vr
1174 2930 1232 2964 diu
1250 2929 1268 2964 a
1286 2930 1433 2965 leffione
1452 2928 1674 2965 abstinuerim.
1695 2930 1799 2966 Porro
1819 2942 1911 2966 ante—

1124 2979 1223 3025 quam
1247 2978 1386 3013 scribere
1401 2974 1565 3027 aggressus
1575 2978 1642 3013 sum
1654 3003 1665 3019 ‚
1676 2979 1844 3027 Marpurgi
1855 2981 1909 3014 in-

1123 3036 1173 3066 ter
1183 3025 1214 3061 se
1226 3027 1404 3067 collocuti,
1417 3027 1541 3074 aliquid
1553 3040 1589 3061 ex
1607 3029 1717 3075 priore
1727 3027 1908 3071 vehemen-

1121 3076 1167 3114 tia
1176 3074 1385 3116 remiserant,
1400 3086 1435 3116 vt
1454 3075 1476 3110 si
1490 3075 1638 3111 nondum
1659 3075 1753 3124 plane
1766 3071 1843 3116 ,esset
1855 3073 1908 3110 se-⁴

1121 3125 1242 3164 tenitas
1257 3146 1268 3164 ,
1290 3123 1527 3172 aliquantulum
1550 3135 1664 3163 tamen,
1680 3121 1809 3159 discussa
1828 3121 1907 3171 esset

1121 3171 1252 3207 densior
1263 3173 1381 3221 caligo.
1409 3174 1488 3209 Hoc
1500 3172 1637 3219 quidem¹
1647 3170 1728 3208 mihi
1740 3171 1809 3206 iure
1818 3183 1906 3219 ven-7

1120 3220 1198 3264 dico
1209 3243 1220 3260 ,
1233 3217 1400 3270 nunquam
1412 3234 1474 3257 me*
1485 3216 1647 3268 ambigua¹
1656 3215 1819 3267 loquendi
1828 3218 1904 3262 for-q

1117 3281 1173 3319 rna
1183 3292 1196 3312 ,
1205 3270 1349 3317 captiose
1359 3270 1446 3307 aliud
1454 3280 1518 3319 prae
1527 3280 1580 3305 me
1586 3265 1702 3320 tulisse,
1713 3268 1816 3326 quarn
1827 3267 1904 3316 seu7⁸

1792 3328 1901 3356 tltem·

2076 1845 2098 1945 ''ax-,-
2090 1833 2091 1838 Α
2084 1805 2094 1816 a
