2113 3674
361 218 421 255 95²

406 262 660 302 Duodecimum
672 273 906 311 argumentum
919 260 964 297 est
973 286 983 302 ,
1007 274 1076 296 non
1085 260 1152 307 effe

356 316 571 364 pertinaciter
591 312 801 348 retinendam
837 312 967 345 literam
989 312 1022 345 in
1042 310 1154 346 verbis

359 367 476 400 Ccenae
489 388 500 403 ,
523 361 659 410 quando
673 362 707 396 in
720 362 790 395 aliis
803 359 971 407 plaerisque
982 362 1153 408 Scripturae

360 415 443 450 locis
454 436 464 452 ,
477 412 500 447 si
514 411 639 460 τδρἱῐτον
651 408 780 458 praecise
799 420 952 458 vrgetur‚
974 422 1090 456 magna
1103 407 1152 443 se-

360 473 479 511 quetur
493 460 685 495 absurditas.
707 460 854 506 exempla
875 459 996 494 deinde
1017 458 1104 506 quasi
1117 471 1154 492 ex

359 514 431 548 sinu
441 510 557 545 nostro
568 511 694 557 prolata
704 508 1009 547 recitantNerbum
1020 521 1093 543 caro
1104 505 1153 541 fa-

361 563 453 596 c0cum
466 559 525 599 est,
538 562 633 594 Pater
644 560 750 594 maior
762 557 883 597 meest,
895 559 964 601 Qui
979 558 1070 592 videt
1083 569 1149 595 me,

359 611 652 646 videt&Patrem.
673 605 741 642 duo
764 607 943 654 posteriora
961 607 1050 641 vnde
1066 604 1153 639 sum-

359 658 505 708 pserint,
529 656 640 692 nescio
657 670 665 691 ε
686 658 762 705 quia
782 667 894 690 tamen
910 657 948 690 ad
963 654 1154 702 praesentem

363 706 490 743 causam
502 704 726 747 minimesunt
736 703 884 753 apposita
895 728 906 744 ‚
925 705 1037 739 malim
1047 717 1085 737 ex
1101 704 1154 736 in-

363 770 501 794 numera
513 756 729 791 multitudine
749 754 853 800 magis
864 755 984 788 idonea
997 754 1152 800 deligere.

364 806 468 842 Certe
481 807 648 852 Scriptura
669 804 690 839 si
711 816 776 838 tam
792 803 956 837 violenter
975 813 1155 849 prematur,

364 855 464 891 vtisti
478 856 617 894 volunt,
636 865 688 889 tot
699 850 765 887 fere
779 851 1037 886 absurditatibus
1053 851 1156 885 scate-

362 905 517 953 bit5quot
532 901 639 939 versus
654 913 806 949 occupat.
819 902 913 936 Deus
925 902 985 935 erit
1000 902 1049 935 vir
1061 899 1154 939 belli,

364 955 566 1004 poenitentia
578 949 906 989 ducetur,descendct
919 950 936 985 e
947 950 1033 984 coelo
1049 961 1084 984 vt
1095 961 1156 983 co-

364 1002 502 1053 gnoscat
513 1000 594 1038 facta
604 1002 783 1036 hominum
796 1023 806 1038 ,
828 1000 992 1033 vltionern
1009 1009 1156 1046 appetet,

363 1066 455 1089 nunc
466 1051 641 1087 iracundiae
652 1052 779 1097 impetu
793 1047 929 1087 feretur,
949 1060 1034 1082 nunc
1047 1051 1155 1095 placa-

366 1113 418 1138 tus
430 1100 566 1140 ridebit,
577 1112 664 1134 nunc
675 1099 832 1137 dormiet,
846 1110 933 1133 nunc
948 1096 1056 1144 surget
1067 1095 1156 1144 quali

366 1147 612 1199 expergefaciens
623 1147 642 1184 a
653 1149 885 1196 crapulamunc·
896 1147 1011 1180 oculos
1019 1157 1157 1186 auertet,

365 1212 455 1236 nunc
470 1198 710 1234 recordabitur.
725 1199 764 1231 ln
777 1196 828 1231 his
839 1195 1008 1230 sententiis
1018 1194 1157 1242 respon-

367 1249 467 1285 deant
487 1245 790 1296 Magdeburgenses
799 1269 809 1286 ,
832 1258 872 1280 an
895 1245 934 1279 ad
956 1244 1094 1280 tuendas
1114 1256 1157 1278 o-

367 1310 460 1334 mnes
472 1296 604 1345 syllabas
616 1295 689 1331 satis
702 1295 764 1330 sint
781 1294 943 1339 industrij.
967 1305 1157 1342 quanquam

367 1346 422 1382 hic
431 1345 586 1382 flexuosis
597 1344 792 1392 ambagibus
801 1345 892 1378 locus
904 1356 972 1378 non
982 1345 1037 1378 est.
1049 1341 1157 1390 scripsi

368 1397 459 1432 enim
482 1395 576 1444 quod
597 1393 799 1429 veriffimum
820 1393 880 1428 effe
900 1404 1019 1427 ornnes
1031 1391 1156 1440 perspi-

366 1446 452 1486 citit,
465 1447 545 1481 dum
557 1445 676 1480 reieeca
685 1443 781 1478 omni
793 1442 1069 1489 interpretatione
1082 1441 1160 1476 huic

366 1495 472 1530 verbo
486 1493 708 1540 incumbunt,
723 1493 803 1527 Hoc
824 1491 870 1526 est
895 1503 1015 1540 corpus
1034 1503 1158 1531 meum,

365 1557 438 1580 non
450 1544 634 1579 absimilem
647 1541 771 1578 causam
784 1539 953 1588 suscipere,
965 1539 1065 1588 quam
1078 1540 1161 1574 olim

366 1591 737 1642 Anthropomorphitis
751 1589 910 1630 fuit,dum
921 1602 959 1625 ex
968 1589 1159 1629 auribus‚o-

366 1644 448 1679 culis
461 1666 472 1684 ,
485 1641 625 1690 pedibus
638 1643 751 1677 Deum
764 1638 950 1688 probabant
963 1638 1023 1674 esse
1034 1651 1159 1687 corpo-

365 1705 470 1728 reum.
534 1691 590 1727 uid
603 1692 691 1726 enim
704 1701 758 1724 tot
769 1690 942 1736 Scripturae
958 1688 1160 1724 testimoniis

363 1743 509 1790 apertius
522 1765 532 1782 ‚
555 1752 627 1789 quae
635 1742 714 1776 Deo
726 1751 818 1774 nares
828 1761 839 1778 ‚
857 1739 975 1772 oculos
986 1761 997 1778 ,
1015 1738 1114 1786 pedes
1126 1743 1159 1774 &

363 1804 478 1827 manus
490 1790 655 1826 tribuunt?
669 1790 793 1825 Gratus
804 1786 866 1823 fuit
879 1789 958 1823 Deo
969 1787 1056 1822 odor
1068 1785 1158 1822 suffi-

366 1851 419 1876 tus
429 1841 464 1876 in
474 1838 634 1875 sacrificio
644 1840 744 1875 Noe:
764 1837 941 1885 quomodo
952 1837 1080 1872 adorari
1093 1850 1158 1884 po-

365 1890 448 1929 tuit.
464 1888 525 1924 nisi
536 1887 668 1924 naribus
681 1887 834 1935 praeditus
845 1889 860 1919 ?
879 1885 1024 1922 Eosdem
1037 1889 1158 1921 trium-

363 1939 451 1987 phos
463 1951 566 1986 quum
577 1947 712 1983 crepent
724 1933 1028 1983 Magdeburgenses
1039 1961 1048 1976 ‚
1062 1935 1079 1970 a
1092 1948 1158 1970 no-

365 1989 420 2025 bis
434 1984 694 2029 commonefacti
714 1996 828 2031 parum
849 1982 1158 2031 ingenuexdiffimu-

365 2039 447 2072 lant·
462 2036 649 2072 Subiicinnt
658 2033 946 2081 postea‚Qaedarn
958 2045 1028 2066 non
1040 2032 1157 2068 secun-

366 2086 488 2125 dum-ro*
500 2083 651 2134 fni-romsed
663 2083 841 2117 secundum
853 2078 978 2114 ‘nivem
987 2082 1156 2128 accipienae

366 2135 407 2171 da
419 2133 479 2170 esse
501 2148 509 2169 :
535 2132 587 2168 sed
607 2132 672 2167 hoc
682 2132 760 2165 loeo
784 2129 908 2164 censeri
922 2129 1042 2164 nolunt
1057 2130 1157 2165 verba

368 2186 498 2222 Coenae,
510 2184 586 2230 quia
598 2195 635 2217 ex
648 2180 721 2228 ipsis
735 2179 946 2227 probandum
960 2176 1048 2218 esset,
1061 2180 1157 2214 aliter

366 2234 468 2281 quam
491 2231 584 2266 sonat
603 2230 722 2265 debere
738 2229 900 2276 intelligi.
940 2226 1055 2277 Nobis
1075 2228 1155 2262 vero

369 2293 437 2316 tarn
460 2294 496 2316 ex
519 2280 692 2315 communi
720 2272 1009 2312 Sacramentorum'
1030 2289 1156 2317 natura,

367 2331 469 2379 quam
482 2342 520 2365 ex
540 2328 606 2377 ipsa
624 2330 737 2363 Coenae
756 2326 968 2361 institutione
979 2338 1047 2359 non
1066 2324 1157 2360 diffi-

370 2381 442 2416 cilis
455 2378 500 2414 est
515 2377 671 2426 probatio
693 2390 701 2410 ε
722 2374 823 2424 idque
843 2376 946 2423 magis
962 2375 1157 2410 enucleatea

371 2428 470 2464 nobis
490 2425 652 2462 ostensum
673 2424 719 2460 est
731 2448 741 2464 ‚
761 2425 860 2472 quam
879 2435 914 2458 vt
927 2424 1033 2459 diluto
1046 2423 1154 2458 scom-

369 2489 457 2513 mate
468 2476 648 2512 obiiciant:
662 2486 724 2509 nos
737 2473 817 2507 hanc
829 2485 946 2508 nucem
959 2473 1057 2507 dente
1066 2473 1156 2507 nolle

369 2526 530 2574 frangere.
569 2526 686 2561 Nemo
696 2546 706 2563 ‚
731 2523 886 2569 inquiunt
896 2546 906 2562 ,
927 2524 1155 2556 Sacramenta-

369 2577 436 2612 rius
455 2579 489 2610 in
512 2574 594 2610 hanc
616 2584 745 2608 arenam
768 2570 873 2606 adhuc
900 2569 1070 2606 descendit
1080 2594 1091 2611 ‚
1114 2571 1155 2605 ad

368 2637 468 2673 quam
479 2636 536 2659 eos
549 2623 681 2658 vocauit
691 2619 855 2656 Lutherus
867 2643 877 2660 ‚
896 2629 932 2654 vt
943 2621 1039 2655 certis
1050 2624 1082 2656 δι
1096 2619 1155 2654 fir-

370 2676 435 2709 mis
453 2672 640 2707 rationibus
670 2669 900 2708 ostenderent,
919 2668 1020 2703 verba
1039 2670 1155 2704 Coenae

371 2722 493 2758 debere
503 2735 577 2756 cum
590 2720 695 2768 figura
705 2717 909 2765 accipi.quafi
921 2717 1001 2752 verb
1013 2730 1082 2752 non
1096 2717 1156 2752 fir-

372 2784 432 2807 mae
443 2770 506 2805 sint
517 2771 660 2805 rationes
673 2792 684 2809 ,
697 2779 775 2815 quas
786 2777 929 2800 euertere
938 2766 1075 2801 antehac
1084 2766 1154 2802 fru—

370 2821 433 2857 stra
445 2821 554 2854 conati
569 2819 651 2853 sunt.
682 2816 744 2856 Sed
757 2814 841 2849 bene
853 2814 896 2849 est
909 2814 1001 2862 qued
1018 2814 1040 2850 si
1051 2816 1154 2850 surdis

371 2869 553 2906 cecinimus
567 2891 576 2908 ‚
596 2877 742 2902 trecenta
761 2864 870 2900 saltem
885 2863 1061 2899 hominum
1075 2865 1152 2899 ruil-

371 2919 414 2953 lia
426 2917 655 2952 reuocauimus
666 2915 707 2950 ab
719 2925 839 2949 errore.
860 2913 959 2947 Certe
968 2925 1070 2960 quum
1085 2915 1154 2949 Ca-

372 2964 535 3003 techismo
546 2965 661 3000 nostro
673 2975 786 3011 praeter
796 2963 984 2998 Germanos
993 2986 1004 3002 ,
1023 2963 1153 2998 Helue..

371 3016 568 3053 tios‚1talos‚
583 3014 727 3062 Anglos‚
739 3013 880 3047 ducenta
889 3009 1063 3047 hominum
1076 3012 1155 3046 mil-

371 3066 415 3100 lia
441 3061 641 3099 subscribant
651 3087 661 3101 ‚
684 3060 823 3097 ridicule
851 3059 1154 3107 Magdeburgenses

369 3113 422 3150 sua
431 3112 588 3148 surditate
598 3112 650 3146 vel
659 3111 794 3159 stupore
802 3109 944 3145 rationes
953 3106 1020 3142 suas
1029 3109 1154 3144 obrue-

367 3176 404 3199 re
415 3172 590 3198 conantur.

416 3209 734 3247 Decimumtertium
746 3217 977 3256 argumentum
989 3206 1031 3240 est
1039 3205 1081 3241 ab
1092 3219 1152 3242 au·-

367 3259 528 3297 thoritate
539 3259 590 3292 vel
600 3256 757 3292 consensu
766 3255 918 3293 Ecclesiae
928 3255 1058 3290 veteris.
1078 3257 1149 3292 Re-

365 3309 508 3358 spondet
519 3304 985 3357 Magdeburgense3‚1³rimam
996 3304 1032 3341 in
1044 3303 1147 3339 Chri-

792 200 1230 238 ADMONITIO
1280 202 1557 238 VLTIMA

1201 261 1250 296 sto
1262 260 1457 296 vetustatem
1471 261 1531 297 elle
1544 276 1552 297 ε
1577 262 1668 311 quod
1680 261 1824 298 libenter
1834 261 1988 302 fatemur.

1201 310 1255 357 sed
1266 311 1343 357 quia
1362 312 1605 347 remouendum
1626 323 1694 347 erat
1712 325 1780 360 quo
1803 315 1992 363 nosinique

1201 359 1379 407 grauabant
1391 383 1400 399 ,
1425 363 1584 396 nouitatis
1598 361 1716 396 odium
1729 385 1739 402 ,
1758 374 1827 397 non
1848 363 1994 400 alienum

1200 408 1263 444 fuit
1273 421 1310 443 ex
1322 411 1384 456 piis
1402 407 1616 458 scriptoribus
1631 407 1777 458 proferre
1790 411 1992 449 testimonia:

1205 458 1291 492 vnde
1300 457 1465 493 constaret
1475 472 1544 494 non
1554 461 1643 494 aliud
1666 458 1768 494 hodie
1779 472 1840 495 nos
1851 461 1993 502 tradere,

1201 507 1262 541 nili
1283 508 1374 554 quod
1391 509 1474 542 olim
1495 508 1562 542 sine
1581 507 1804 542 controuersia
1822 522 1994 558 receptum

1202 567 1281 590 erat.
1305 555 1420 591 verum
1434 557 1579 592 dilucide
1593 557 1731 605 protulit
1745 557 1995 599 Christus‚H0c

1203 604 1248 640 est
1270 617 1388 652 corpus
1417 618 1542 640 meum.
1564 619 1686 654 nempe
1710 618 1744 642 vt
1765 619 1827 641 nos
1847 607 1994 644 dilucide

1203 651 1414 702 proferimuS.
1435 652 1487 689 sed
1500 656 1637 702 perinde
1655 666 1691 690 vt
1704 654 1857 691 iubemur
1867 657 1993 693 Christi

1203 704 1290 738 dieta
1302 703 1477 738 obedieter
1486 705 1701 752 ample5tizita
1711 703 1757 740 fas
1768 705 1813 740 est
1826 707 1995 754 interpre-

1201 754 1365 788 tationem
1376 764 1531 800 quaerere.
1551 755 1639 788 vnde
1649 755 1738 788 enirn
1749 753 1846 790 huius
1860 755 1996 791 senten-

1203 801 1249 848 tie
1261 801 1546 849 perspicuitas,nifi
1557 815 1660 850 quum
1671 803 1710 838 ad
1724 805 1924 840 sacramenti
1934 818 1996 840 na-

1204 862 1310 885 turam
1329 852 1630 886 accommodatur?
1653 852 1779 900 alioqui
1799 866 1869 888 non
1888 854 1995 894 modo

1204 898 1331 947 spinosa
1341 899 1476 940 erit,sed
1489 901 1590 935 etiam
1600 900 1808 937 absurditatis
1821 903 1997 949 plena.Sed
2050 901 2051 904 ¹

1205 960 1312 996 patres
1323 948 1382 996 ipsi
1395 961 1516 984 vocant
1529 948 1608 998 saepe
1618 963 1749 998 panem,
1761 952 1906 986 Domini
1919 964 1998 987 cor-

1205 1003 1310 1046 puS‚&
1324 999 1439 1033 vinum
1449 999 1517 1032 eius
1529 998 1842 1047 sanguinemmodo
1854 1001 1894 1035 de
1905 999 1997 1038 sensu

1205 1048 1384 1083 conueniat
1394 1070 1405 1087 ‚
1415 1046 1515 1081 nobis
1526 1047 1657 1096 optime
1669 1047 1813 1096 placebit
1824 1050 1995 1096 loquutio-

1204 1099 1274 1131 Iam
1284 1096 1306 1131 si
1315 1096 1420 1132 costat
1429 1094 1607 1143 symbolice
1616 1109 1731 1145 panem
1743 1098 1807 1132 illis
1817 1095 1907 1133 fuisse
1917 1110 1998 1144 cor-

1205 1158 1265 1193 pus
1277 1169 1288 1186 ‚
1306 1144 1406 1180 nobis
1425 1145 1616 1181 hauddubie
1639 1143 1868 1195 suffragabitur
1878 1160 1996 1184 eorum

1205 1194 1398 1230 authoritas.
1419 1196 1567 1242 Qties
1576 1206 1721 1231 mentem
1731 1197 1816 1231 suam
1825 1208 1999 1249 exponunt

1205 1247 1328 1284 Patres,
1340 1244 1561 1279 incommoda
1571 1245 1635 1280 illis
1650 1242 1758 1293 aliqua
1773 1257 1838 1281 vox
1849 1243 1997 1287 effluit,s1

1205 1292 1550 1341 Magdeburgenfibus
1562 1295 1720 1341 creditur.
1743 1293 1999 1332 dicashomines

1206 1342 1286 1377 istos
1296 1345 1368 1377 ritu
1382 1342 1441 1377 fibi
1454 1341 1624 1390 potestatis
1635 1342 1774 1381 sumere.
1786 1355 1822 1379 vt
1831 1343 1903 1380 solo
1916 1340 1998 1385 flatu

1207 1390 1341 1426 nebulas
1352 1390 1522 1426 obducant
1532 1392 1598 1427 toti
1609 1392 1727 1428 mt'ido.
1739 1405 1814 1428 nam
1827 1394 1920 1443 quod
1930 1393 1998 1430 sta-

1207 1442 1268 1476 tim
1282 1441 1322 1475 de
1331 1441 1498 1488 allegoriis
1506 1441 1819 1489 adducunt,prorsus
1828 1443 1997 1493 intempe-

1207 1490 1294 1525 stiufi
1307 1489 1477 1525 est.Patres
1489 1488 1594 1524 fateor
1603 1490 1771 1539 allegoriis
1782 1490 1873 1527 fuisse
1885 1493 1995 1528 nimifi

1208 1540 1353 1574 deditos.
1375 1538 1429 1574 sed
1446 1537 1503 1573 hic
1524 1540 1680 1587 quaeritut
1699 1542 1877 1589 quomodo
1889 1537 1997 1590 expo-

1207 1588 1331 1623 suerint
1342 1588 1440 1624 verba
1452 1589 1580 1623 Coenae.
1605 1589 1708 1637 porro
1717 1603 1821 1638 quum
1834 1589 1907 1626 satis
1920 1604 1999 1640 per-

1208 1638 1356 1685 spicuum
1369 1637 1407 1672 sit
1419 1636 1640 1685 pulcherrime
1657 1638 1745 1674 inter
1756 1651 1819 1674 nos
1831 1642 1997 1676 conueni-

1208 1699 1261 1726 re,
1280 1685 1473 1723 consensum
1493 1686 1582 1723 hunc
1594 1688 1898 1738 Magdeburgenses
1910 1690 1996 1734 nihil

1208 1737 1353 1772 dicendo
1364 1734 1535 1772 offuscant.
1558 1739 1698 1772 Interim
1711 1736 1824 1774 fucum
1835 1751 1873 1774 ex
1883 1742 1996 1787 paucis

1208 1796 1357 1820 veterum
1367 1785 1566 1821 testimoniis
1576 1784 1760 1826 facere,illis
1770 1788 1810 1824 ad
1822 1788 1998 1824 viaoriam

1205 1832 1481 1874 sufficit.1ustinus
1490 1847 1609 1883 panem
1619 1839 1652 1873 &
1663 1836 1777 1872 vinum
1789 1837 1997 1886 perverbum

1206 1885 1407 1932 precationis
1427 1889 1459 1922 δε
1482 1885 1662 1932 gratiarum
1680 1886 1822 1921 aetionis
1834 1909 1845 1925 ‚
1866 1885 1995 1921 Christi

1207 1945 1337 1968 carnem
1350 1938 1381 1970 &
1394 1932 1583 1982 sanguinem
1591 1932 1691 1968 nobis
1702 1934 1774 1968 fieri
1786 1933 1880 1969 dicit.
1890 1934 1994 1969 Dici-

1205 1996 1278 2018 mus
1292 1983 1380 2018 idem
1391 1987 1425 2019 &
1437 1995 1498 2018 nos
1511 2005 1522 2022 ,
1535 1982 1639 2017 modo
1647 1983 1732 2016 ratio
1743 1982 1994 2017 comunicatio-

1204 2033 1256 2066 nis
1267 2032 1404 2067 addatur
1423 2043 1494 2078 quae
1509 2043 1590 2066 tunc
1606 2029 1757 2065 Ecclefiae
1768 2031 1903 2078 cognita
1914 2028 1993 2067 fuit.

1205 2080 1350 2128 Cyrillus
1368 2080 1508 2127 mysticae
1532 2078 1779 2114 benedictionis
1792 2081 1915 2115 virtute
1926 2079 1991 2115 fic*-

1204 2130 1232 2163 ri
1246 2129 1345 2164 docet
1356 2151 1367 2168 ,
1389 2139 1426 2162 vt
1447 2127 1597 2163 Christus
1615 2128 1833 2175 corporaliter
1844 2129 1879 2163 in
1892 2127 1992 2165 nobis

1204 2176 1344 2212 habitet.
1358 2176 1379 2211 si
1393 2177 1458 2211 hoc
1471 2175 1572 2211 efficit
1583 2175 1717 2223 mystica
1725 2176 1991 2214 benedistiozcur

1205 2227 1348 2260 Coenam
1370 2226 1516 2260 Domini
1537 2235 1698 2272 quatenus
1717 2227 1751 2260 in
1769 2238 1804 2260 ea
1817 2225 1918 2262 nobis
1930 2227 1991 2262 da-

1202 2286 1256 2309 tur
1266 2277 1333 2309 eius
1343 2286 1462 2321 corpus
1473 2299 1481 2314 ‚
1495 2274 1663 2320 mysticam
1676 2273 1736 2309 effe
1746 2275 1920 2323 tantopere
1928 2289 1992 2311 an·-

1204 2323 1298 2358 tehac
1314 2325 1498 2371 negarunt?
1520 2324 1591 2358 Cur
1605 2321 1785 2358 secundum
1805 2337 1863 2359 eos
1879 2324 1921 2359 ab
1939 2324 1992 2361 esu

1205 2374 1370 2419 corporali
1393 2372 1552 2418 discrepat
1569 2371 1759 2418 mysterium
1769 2376 1785 2406 ἓ
1808 2373 1904 2410 Dicit
1924 2375 1993 2409 alio

1203 2422 1281 2456 loco
1293 2421 1436 2468 Cyrillus
1448 2444 1458 2460 ,
1479 2421 1628 2471 Qndo
1641 2421 1850 2457 comedimus
1862 2418 1992 2461 Christi

1204 2482 1411 2518 carnemque
1422 2469 1528 2506 Verbi
1537 2470 1777 2505 coniunetione
1788 2471 1921 2506 viuifica
1930 2471 1991 2512 est,

1203 2531 1266 2554 nos
1276 2520 1377 2554 vitam
1390 2521 1423 2554 in
1446 2518 1546 2553 nobis
1563 2518 1695 2554 habere.
1715 2531 1773 2555 cur
1792 2532 1873 2569 ergo
1884 2519 1992 2555 abin-

1203 2568 1341 2603 credulis
1354 2567 1420 2602 sine
1434 2566 1541 2602 frue‘tu
1557 2568 1691 2603 comedi
1703 2567 1840 2604 afferunt
1851 2572 1867 2603 ἒ
1877 2581 1952 2604 nam
1964 2568 1990 2604 st

1204 2616 1330 2653 Christi
1341 2629 1416 2652 cato
1427 2616 1484 2652 vbi
1493 2616 1684 2653 comeditur
1695 2640 1706 2656 ‚
1719 2617 1853 2653 viuifica
1862 2618 1918 2658 est,
1929 2629 1988 2654 eos

1193 2667 1260 2714 “qui
1271 2667 1305 2700 in
1315 2676 1425 2702 morte
1440 2675 1575 2700 manent
1593 2664 1777 2712 promiscue
1787 2678 1858 2701 eam
1871 2678 1990 2702 come-

1204 2717 1281 2751 dere
1296 2714 1436 2749 minime
1453 2715 1631 2759 conuenit„
1641 2726 1834 2762 ,quanquam
1846 2714 1901 2750 hic
1910 2728 1992 2751 mo-

1202 2764 1304 2800 nendi
1315 2761 1388 2798 sunt
1398 2764 1632 2810 lectores,quia
1644 2764 1773 2810 Cyrillo
1783 2777 1858 2800 cum
1873 2765 1990 2799 Arria-

1202 2813 1253 2848 nis
1265 2823 1429 2848 certamen
1441 2822 1509 2847 erat
1520 2836 1529 2852 ‚
1540 2813 1665 2848 eumad
1676 2811 1894 2860 hyperbolem
1906 2825 1989 2861 pro-

1202 2861 1299 2901 uehi,
1319 2872 1355 2896 vt
1372 2862 1490 2896 doceat
1506 2859 1880 2907 substantialitervnum
1911 2875 1988 2898 cum

1202 2909 1422 2955 Christosfieri
1434 2909 1656 2950 fideles,sicuti
1666 2909 1732 2957 ipse
1742 2922 1844 2946 vnum
1857 2909 1904 2946 est
1915 2923 1988 2946 cum

1201 2963 1307 2996 Patre.
1335 2959 1461 2994 Eadem
1472 2956 1534 3001 fuit
1547 2959 1667 3004 Hilarij
1679 2961 1782 2999 ratio,
1800 2959 1857 2995 etsi
1868 2960 1903 2994 in
1914 2959 1986 2994 eius

1196 3008 1313 3054 *verbis
1321 3008 1405 3043 adeo
1415 3007 1499 3042 nihil
1509 3007 1554 3042 est
1566 3007 1718 3055 ἀοᾶτὶης
1729 3007 1986 3056 nostre-contra-

1202 3062 1286 3093 tium
1298 3080 1309 3097 ,
1326 3069 1361 3092 vt
1379 3055 1528 3104 apposite
1550 3067 1668 3092 contra
1680 3055 1986 3105 Magdeburgenses

1200 3118 1424 3154 retorqueam.
1435 3117 1544 3145 veram
1557 3107 1663 3151 camis
1673 3111 1705 3145 &
1717 3105 1880 3153 sanguinis
1888 3115 1988 3141 natu-

1200 3168 1269 3192 ram
1280 3155 1406 3190 [εοᾶυε
1414 3155 1464 3188 vir
1473 3153 1524 3188 his
1532 3153 1641 3199 yet-bis
1652 3155 1784 3203 probari
1795 3154 1984 3199 contendit,

1200 3207 1290 3240 Caro
1311 3217 1382 3239 mea
1393 3203 1468 3239 vere
1485 3204 1529 3237 est
1548 3203 1654 3239 cibus.
1697 3204 1740 3238 Et
1750 3214 1812 3249 qua
1824 3203 1865 3238 de
1873 3216 1907 3238 re
1916 3215 1985 3237 no-

1198 3251 1251 3292 bis
1260 3252 1363 3288 hodie
1373 3265 1447 3288 cum
1458 3249 1844 3299 Magdeburgensibuslis
1853 3251 1910 3294 est,
1919 3250 1983 3287 nisi

1196 3300 1290 3350 qudd
1300 3302 1363 3337 illis
1376 3299 1574 3337 immensum
1593 3299 1781 3348 phantasma
1791 3300 1896 3337 carnis
1902 3301 1985 3383 lgcu

1919 3384 1922 3386 Α
1938 3361 1980 3385 n-

2079 1468 2083 1471 ⁴
2071 980 2093 1430 *damnem-0,-
2087 965 2090 970 .
2076 942 2081 953 ²
2075 924 2078 928 ⁴

2078 854 2097 912 V>
