2113 3674
720 181 1145 218 EPISTOLA

181 246 315 280 alterum
326 253 461 292 quoque
471 243 594 277 crimen
606 240 658 276 hic
669 240 698 277 se
709 240 964 289 profert?Siquis

182 293 322 329 homine
332 294 349 327 a
362 291 390 326 se
400 294 602 338 interemptu
618 292 692 325 ideo
706 302 859 339 negaret,
873 291 966 338 quod

182 355 252 378 non
266 342 316 377 sua
328 352 423 376 manu
434 362 443 379 ‚
458 339 509 374 sed
522 341 688 374 conducto
710 339 727 373 ὲ
740 339 768 373 se
781 339 891 373 sicario
903 350 946 372 cae
958 360 965 366 —

181 390 230 426 sus
241 390 331 429 esset,
345 389 362 424 a
386 401 454 434 quo
466 388 615 423 nostrfim
636 400 704 422 non
716 387 962 434 conspueretur?

179 438 378 486 Nempequi
388 438 439 471 sua
451 436 653 471 confessione
661 436 712 470 bis
724 435 753 471 se
761 436 965 472 accusaretz&

180 489 274 536 quod
290 486 384 521 caedis
395 485 514 519 author
538 485 652 523 fuerit,
674 489 707 521 δε
719 484 810 532 quod
825 486 963 519 alterum

180 538 272 573 malis
284 534 407 569 artibus
418 534 660 581 corruptum,in
674 533 799 567 sceleris
810 531 964 568 societate

178 586 319 621 traxerit.
337 583 428 629 Qd
440 593 548 617 autem
560 583 668 617 abillo
681 581 832 617 diffimile
850 581 901 616 isti
913 580 961 615 fa-

177 636 282 673 ciunt,
297 632 354 679 qui
367 636 399 668 δε
412 632 646 665 contumeliam
660 631 736 665 Deo
751 630 960 677 irrogandam

175 690 370 731 procurant,
384 684 416 715 &
426 679 508 714 adid
521 679 707 714 audendum
719 703 729 718 ,
747 680 828 713 alios
851 683 959 725 pretio

176 738 392 776 corrumpunt
409 731 423 759 ἒ
442 731 489 762 At
506 740 576 762 non
596 740 672 772 eos,
692 728 848 773 inquiunt
860 750 870 766 ,
883 740 959 762 cor-

174 781 372 826 rumpimuS,
384 777 440 823 qui
450 778 577 810 venales
588 777 625 810 ad
638 777 825 823 patrandam
841 787 958 821 quam-

173 828 223 863 uis
237 827 442 874 impietatem
453 824 609 871 prostant.
622 824 761 859 Perinde
773 823 832 859 acsi
845 824 958 858 homi-

173 875 310 912 cidaille
322 874 460 908 minime
479 874 519 907 ab
540 872 569 907 se
581 884 772 919 corruptum
799 871 957 907 defende-

174 934 225 961 ret
235 948 243 961 ‚
258 935 324 971 quo
336 923 375 957 ad
387 921 586 956 maleficium
599 921 791 956 administro
803 920 875 956 vsus
886 920 957 955 fue-

172 973 308 1020 rit‚quia
319 972 481 1020 gladiator
492 981 584 1008 antea
596 969 896 1009 fuisset,latrociniis
908 969 957 1004 as-

129 1057 132 1060 ,
172 1019 341 1057 suefaetus.
370 1023 484 1066 Itaque
496 1019 778 1065 quemadmodum
790 1020 844 1053 ille
854 1042 863 1057 ,
877 1019 955 1054 dum

172 1073 335 1106 latronem
348 1069 580 1102 exercitatione
592 1070 676 1102 acuit
687 1091 697 1106 ,
711 1068 780 1101 eius
790 1068 956 1102 audaciam

172 1117 367 1154 confirmat:
385 1118 430 1150 ita
442 1116 493 1151 isti
506 1128 588 1163 quos
602 1117 697 1150 nouis
709 1114 846 1150 subinde
859 1115 956 1151 sacri-

172 1168 268 1215 legiis
281 1176 430 1200 exercent
449 1188 458 1203 ‚
485 1177 541 1198 eos
554 1165 593 1199 ad
613 1164 795 1211 nequitiam
808 1164 911 1210 magis
922 1177 956 1199 ac

171 1217 277 1264 magis
288 1216 321 1248 in
333 1215 401 1249 dies
412 1212 589 1248 obdurant.
618 1213 680 1248 Sed
700 1212 758 1246 hac
770 1224 859 1258 parte
876 1225 956 1258 pro-

171 1267 245 1311 pius
257 1263 371 1297 instare
390 1263 518 1296 animus
529 1274 597 1295 non
618 1261 682 1296 est:
699 1273 805 1306 neque
819 1261 955 1296 verbum

169 1310 314 1348 fecissem
335 1333 346 1350 ,
367 1309 426 1344 nifi
445 1307 496 1343 sua
522 1323 575 1344 me
594 1309 807 1356 improbitate
828 1310 955 1358 coegis-

170 1360 255 1400 sent,
267 1359 390 1394 durnin
405 1370 437 1392 re
449 1358 532 1392 adeo
546 1359 708 1404 perspicua
723 1357 833 1392 fucum
850 1369 954 1393 tamen

169 1409 281 1444 nescio
293 1420 392 1456 quem
407 1405 509 1441 facere
521 1407 954 1453 conantur.Nihil,inquam,

169 1470 228 1494 eos
243 1458 326 1491 vltra
337 1454 450 1490 laceffo
460 1477 471 1494 ,
484 1455 587 1490 modo
603 1455 634 1489 in
645 1467 705 1489 nos
718 1454 801 1490 istud
814 1454 954 1495 constet,

170 1506 266 1555 quod
288 1505 378 1539 nullo
396 1504 513 1539 canino
541 1503 704 1538 declinare
725 1505 787 1538 iam
810 1502 952 1550 possunt:

170 1555 340 1591 neminem
352 1565 464 1588 eorum
478 1550 538 1586 effe
550 1575 559 1591 ,
573 1553 628 1600 qui
640 1553 770 1600 gemina
781 1552 845 1591 illa,
856 1565 954 1599 quam

170 1615 277 1650 nuper
286 1603 566 1639 commemoraui,
590 1602 759 1649 impietate
771 1613 837 1635 non
851 1601 887 1635 sit
900 1603 954 1636 in-

163 1653 336 1700 quinatus,
362 1652 477 1686 Nemo
488 1648 533 1684 est
545 1651 633 1684 enim
644 1673 653 1689 ,
665 1650 722 1697 qui
734 1662 800 1684 non
812 1650 853 1684 de
870 1649 954 1697 Μίίᾏ

168 1700 256 1736 fariis
266 1699 359 1735 sacris
371 1698 561 1746 peragendis
580 1697 766 1733 sceleratum
786 1711 953 1733 commer-

167 1750 257 1785 cium
271 1750 374 1783 ineat:
387 1759 486 1782 nemo
499 1748 634 1794 quinon
652 1748 890 1782 commentitiis
905 1746 953 1782 sa-

163 1796 413 1833 tisfaetionibus
424 1819 434 1835 ,
445 1808 523 1843 quas
532 1807 593 1843 pro
604 1806 811 1830 mortuorum
824 1796 954 1831 redem-

157 1847 285 1893 -ptione
302 1847 396 1880 Satan
416 1845 619 1892 excogitauit
631 1868 642 1883 ‚
659 1848 802 1892 pretium
822 1845 948 1881 statuat.

165 1896 200 1930 Si
218 1907 276 1943 per
291 1892 420 1928 Missam
433 1916 444 1932 ,
458 1892 584 1928 Christi
602 1891 818 1928 sacerdotium
832 1917 842 1933 ‚
859 1895 949 1941 quod

163 1953 322 1979 aeternum
333 1940 394 1977 effe
409 1952 545 1988 oportet
557 1965 567 1980 ,
579 1941 776 1989 abrogatur:
794 1942 815 1976 sl
829 1942 950 1978 sacrifi-

158 1992 254 2027 cium
266 2015 276 2032 ,
294 2004 362 2039 quo
373 1986 470 2025 semel
480 1992 594 2024 omnia
602 1991 720 2026 delicta
733 1992 875 2038 expiauit
887 2016 896 2031 ,
913 2006 948 2027 a-

166 2039 350 2074 boletur:fi
363 2038 490 2086 sanguis
500 2040 569 2073 eius
579 2063 588 2077 ‚
605 2040 695 2074 cuius
709 2041 875 2075 mundicie
887 2040 948 2076 ab·

162 2089 289 2123 luimur
303 2099 418 2122 omnes
429 2110 438 2125 ‚
452 2086 641 2134 conspuitur
662 2102 670 2122 ε
689 2088 711 2123 si
729 2099 799 2123 tota
815 2090 947 2124 tedem-

165 2139 240 2185 ptio
249 2160 259 2176 ‚
275 2148 384 2171 morte
393 2136 460 2170 eius
471 2135 818 2184 acquisita‚diffipatur:
831 2139 851 2174 si
863 2140 946 2174 Coe-

164 2198 225 2225 na,
247 2197 311 2232 qua
320 2183 416 2219 nobis
430 2185 559 2219 mortis'
566 2183 625 2219 suae
643 2188 837 2221 memoriam
849 2201 925 2222 com
934 2211 946 2216 -

165 2233 356 2271 mcndauit,
368 2230 571 2278 profanatur:
585 2232 606 2267 si
620 2235 684 2268 Dei
697 2235 842 2270 maiestas
852 2261 861 2275 ,
873 2249 944 2271 ere-

164 2284 222 2318 eto
233 2284 266 2317 in
280 2282 465 2316 eiuslocum
479 2282 590 2320 idolo,
603 2282 774 2317 deiicitur:
799 2284 946 2321 viderint

164 2332 224 2379 qui
248 2329 406 2365 faciendis
433 2327 540 2363 Miffis
559 2328 702 2377 sumptus
723 2329 943 2378 suppeditant,

163 2393 228 2428 qua
237 2378 310 2414 satis
320 2376 460 2426 speciosa
473 2379 600 2412 ratione
618 2391 754 2426 purgare
768 2379 797 2415 se
809 2380 943 2426 possint,

161 2442 232 2477 quo
245 2428 352 2463 minus
364 2426 500 2461 istorum
512 2427 660 2462 omnium
673 2428 718 2461 rei
729 2431 853 2475 agatur,
865 2431 943 2475 qui·

161 2478 224 2513 bus
234 2475 438 2511 occasionem
450 2474 587 2509 scientes
603 2487 638 2509 ac
650 2476 796 2510 volentes
810 2478 942 2523 praebet.

156 2527 196 2562 'Si
209 2526 351 2572 denique
371 2524 496 2558 nullum
517 2523 534 2558 ὲ
554 2521 647 2558 Missa
659 2523 865 2571 blasphemiae
882 2539 941 2573 ge„

161 2589 225 2611 nus
242 2573 351 2612 abest,
363 2585 430 2620 quo
443 2573 510 2606 Dei
530 2571 719 2619 Christique
730 2574 943 2621 glori.1poffit

159 2621 500 2662 obscurari,viderint
519 2622 650 2668 quoties
670 2620 884 2659 sacrificulum
902 2625 942 2660 ad

159 2674 260 2709 altare
273 2672 420 2708 mittunt,
429 2682 468 2704 an
478 2681 545 2704 non
556 2669 761 2717 triumphum
774 2684 941 2718 apparent,

158 2735 229 2771 quo
239 2731 348 2755 torum
361 2719 481 2755 Christi
493 2719 646 2766 Regnum
667 2718 683 2753 :i
704 2721 818 2754 Satana
831 2721 943 2756 tradu-

156 2773 265 2807 catur?
277 2772 316 2804 In
329 2768 416 2802 hunc
430 2767 568 2801 modum
585 2767 606 2802 si
618 2767 786 2803 Christum
801 2781 873 2804 cum
891 2769 941 2805 sua

158 2817 406 2856 cruceludibrio
417 2815 589 2854 habere,&
600 2815 794 2862 prostituere
805 2816 939 2853 homini

158 2866 350 2905 Christiano
362 2863 450 2899 nefas
462 2876 529 2898 non
541 2863 684 2904 est‚nih=il
694 2867 753 2900 erit
765 2867 857 2912 quod
872 2880 940 2902 non

155 2919 266 2953 liceat.
288 2914 364 2949 Ιιῃὸ
377 2914 456 2948 vero
468 2913 558 2947 mille
577 2914 686 2959 potius
700 2925 823 2948 mortes
833 2928 939 2961 oppe-

157 2963 379 3011 tendae,quam
394 2963 456 2996 tale
468 2961 592 3008 probru
606 2960 803 2998 sacrosansto
817 2963 939 3000 Christi

157 3013 311 3051 nomini,
324 3010 429 3045 nostra
449 3011 540 3056 culpa
560 3033 570 3049 ,
589 3011 765 3057 aliquando
782 3013 936 3048 inuratur.

156 3063 245 3111 Qis
257 3062 345 3096 enim
359 3073 399 3094 eo
411 3056 617 3094 intercessore
629 3059 775 3094 confidat
785 3084 794 3099 ‚
807 3064 871 3107 que
882 3060 937 3096 suo

102 3134 106 3136 v
156 3108 417 3146 sacerdotimhoc
428 3107 470 3142 est
483 3107 682 3141 intercededi
696 3121 936 3156 munere‚quo-

158 3159 241 3194 tidie
248 3159 379 3205 spoliet?
389 3158 473 3203 Qs
484 3167 632 3189 aeternam
646 3154 689 3189 sui
706 3156 937 3193 sanetificatio-

154 3218 236 3241 siem
248 3218 384 3252 reponat
395 3208 429 3240 in
441 3217 503 3239 vna
515 3204 639 3240 Christi
649 3204 935 3254 oblatione‚quam'

156 3254 333 3304 suppositis
351 3256 422 3290 aliis
438 3252 557 3290 assidue
573 3253 700 3290 inducit
718 3267 753 3290 ac
766 3255 935 3293 obliterat?

1017 242 1107 287 Qs
1129 242 1256 278 suarum
1275 243 1420 280 sordium
1440 244 1646 282 ablutionem
1665 247 1768 295 speret
1785 250 1803 285 a

1017 289 1138 324 Christi
1150 290 1315 338 sanguine,
1332 306 1429 340 quem
1443 296 1549 342 porcis
1561 299 1799 332 conculcidum

1015 338 1149 385 proiicit
1165 342 1180 371 ἓ
1209 342 1294 387 Qs
1313 340 1399 388 spem
1414 343 1513 377 beata:
1535 345 1608 379 vitae
1621 357 1657 379 ex
1674 345 1801 381 Christi

1016 398 1124 421 morte
1136 391 1407 435 concipiat,cuius
1424 390 1565 427 frustum
1577 393 1642 428 alio
1655 395 1800 429 vttrans-

1015 434 1114 475 ferat,
1135 447 1205 469 eam
1219 448 1287 470 tota
1296 437 1346 472 sua
1360 440 1480 474 virtute
1492 445 1646 476 eneruat?
1669 445 1755 488 Qis
1766 443 1797 478 se

1015 483 1139 518 Christi
1150 485 1422 531 participatione,
1441 501 1526 524 extra
1539 502 1637 537 quam
1653 504 1720 525 non
1735 491 1794 526 nisi

1013 545 1100 566 mors
1112 531 1169 570 est,
1182 533 1292 567 viuere
1303 537 1442 581 cogitet,
1458 539 1512 584 qui
1526 538 1642 574 sicram
1655 541 1723 574 eius
1737 543 1797 577 εὸ-

1012 581 1246 615 manicationis
1257 581 1400 617 tesseram
1411 585 1595 633 disrumpit?
1610 591 1719 634 Qam
1731 593 1794 624 (ὂ-

1010 629 1030 665 s
1044 630 1149 663 ientiae
1165 626 1366 665 securitatem
1381 632 1420 666 ad
1440 635 1505 667 Dei
1518 632 1671 671 tribuual*
1685 636 1794 673 afferat

1009 677 1135 725 ille,qui
1147 678 1214 712 eius
1226 679 1479 727 gloriam,quam
1492 683 1649 719 illibatam
1665 685 1723 719 sibi
1738 689 1795 722 vni

1008 726 1123 761 seruari
1134 725 1238 772 poscit
1248 750 1258 765 ‚
1285 728 1322 761 ad
1343 730 1468 763 idolum
1481 733 1659 767 indueram
1673 747 1794 781 procu—

1008 778 1080 810 ret?
1098 776 1201 821 Atqui
1222 776 1255 809 in
1272 788 1311 809 eo
1327 777 1440 815 corde,
1458 780 1509 813 cui
1526 779 1586 814 sint
1608 783 1658 815 illa
1679 785 1794 820 onmia

1007 824 1111 858 ablata
1123 847 1133 863 ,
1147 835 1216 870 quae
1232 825 1282 857 vel
1296 823 1373 859 fidei
1388 827 1438 860 vel
1452 830 1581 874 pietatis
1596 831 1729 865 scintilla
1742 846 1794 866 re-

1007 871 1087 907 stare
1107 871 1214 919 potest
1233 876 1246 905 ?
1269 874 1341 906 Illas
1375 886 1526 920 praeterea
1554 877 1790 916 satisfactiones

1007 922 1085 955 dum
1099 931 1282 955 mercantur
1292 945 1301 959 ‚
1312 923 1432 968 quibus
1444 925 1460 958 Ξι
1473 928 1613 960 cruciatu
1627 927 1791 965 soluantur

1007 970 1213 1004 mortuorum
1227 971 1359 1009 animae,
1373 974 1489 1007 minim
1505 975 1562 1009 nisi
1575 976 1678 1022 probe
1692 979 1792 1012 intel-

1007 1019 1126 1066 ligunt,
1139 1017 1238 1065 quam
1253 1017 1454 1067 flagitiosam
1470 1022 1639 1058 Christum
1654 1026 1793 1071 perfidia

1007 1066 1068 1101 sese
1077 1067 1296 1114 obstringant.
1322 1070 1502 1117 Qotquot
1514 1073 1600 1107 enim
1612 1075 1793 1109 animarum

1005 1113 1138 1150 salutem
1153 1117 1259 1163 pretio
1270 1117 1505 1158 nundinantur,
1513 1133 1568 1154 eos
1580 1133 1689 1156 veram
1702 1124 1793 1159 illam

1005 1176 1041 1198 ac
1051 1165 1262 1211 vnicam,que
1273 1177 1340 1199 non
1352 1178 1430 1200 auro
1443 1180 1495 1202 aut
1503 1170 1707 1216 argento,sed
1719 1184 1794 1219 pre-

1006 1212 1091 1247 tioso
1105 1212 1230 1248 Christi
1238 1213 1393 1262 sanguine
1406 1216 1567 1258 constitit,
1586 1219 1793 1266 redemptio-

1005 1273 1080 1295 nem
1091 1261 1358 1309 abnegare‚certo
1372 1266 1488 1298 certius
1503 1268 1555 1300 est.
1584 1271 1648 1301 lam
1662 1270 1794 1304 nemine'

1005 1308 1076 1344 fore
1088 1309 1306 1350 existim0,cui
1318 1311 1418 1358 quide
1428 1315 1460 1348 in
1472 1315 1577 1361 aliqua
1591 1314 1708 1351 frontis
1718 1330 1794 1364 par-

1004 1359 1100 1393 ricula
1112 1359 1219 1406 pudor
1231 1359 1420 1406 haereat‚qui
1431 1361 1612 1397 conscie'tiae
1626 1367 1791 1401 innocen-

1004 1408 1084 1442 tiam
1097 1408 1130 1442 in
1141 1409 1292 1443 tenendis
1304 1407 1446 1456 profanis
1462 1411 1525 1444 illis
1537 1411 1723 1449 sacerdotiis
1738 1427 1792 1449 te-

1004 1455 1082 1490 stari
1094 1455 1298 1504 ausitzquorfi
1308 1469 1379 1505 quae
1391 1458 1555 1505 purissima
1567 1463 1788 1503 videntumi-

1004 1514 1075 1539 tum
1091 1506 1278 1540 execrabilis
1291 1506 1444 1553 nequitiae
1454 1506 1558 1542 secum
1573 1510 1716 1546 trahunt.

1050 1554 1150 1588 Nunc
1160 1554 1197 1588 ad
1211 1552 1277 1592 te‚6
1290 1556 1351 1589 Vir
1365 1557 1495 1596 eximie,
1510 1556 1653 1604 alio‘sque
1665 1561 1697 1593 in
1710 1562 1788 1596 vni-

1004 1601 1127 1636 uersum
1138 1604 1328 1650 omne8‚qui
1339 1605 1371 1638 in
1385 1606 1477 1652 Papae
1489 1618 1593 1653 regno
1604 1608 1713 1643 locum
1726 1611 1787 1644 ali-

1003 1662 1101 1697 quem
1112 1650 1264 1696 beneficij
1278 1654 1415 1697 nomine
1425 1654 1785 1694 obtinent,orationem

1004 1711 1110 1734 meam
1124 1697 1242 1734 r'efcro.
1265 1702 1436 1749 Qicquid
1451 1706 1605 1749 prouetus
1618 1709 1785 1742 annuatim

1003 1747 1080 1782 inde
1089 1747 1127 1783 ad
1138 1759 1197 1783 vos
1219 1749 1324 1789 redit,
1346 1763 1409 1797 qua
1420 1750 1622 1787 'conscientia
1634 1753 1786 1801 vsurpare

1001 1796 1314 1845 audeatis,quer0.Si
1327 1799 1360 1834 in
1374 1801 1523 1835 cancellis
1537 1802 1786 1838 vestratiumiu-

1002 1845 1164 1880 diciorum
1188 1846 1255 1881 haec
1268 1846 1635 1894 disputatioversaretur
1651 1851 1734 1887 :scio
1747 1853 1786 1888 ad

1000 1892 1223 1929 obtine-ndum
1236 1894 1478 1944 satissupe‘rque
1489 1896 1548 1932 esse
1560 1900 1714 1948 ,allegari
1723 1914 1786 1938 ari-.-

999 1955 1117 1977 notum
1131 1942 1419 1991 praescriptionem:
1435 1946 1548 1981 verum
1562 1947 1583 1982 si
1597 1947 1726 1985 huiusce
1739 1954 1784 1987 rei

999 1993 1152 2039 cognitio
1167 1993 1205 2027 ad
1218 1991 1328 2028 bonos
1340 1995 1428 2029 viros
1441 1994 1615 2037 deferatur,
1628 2000 1684 2045 qui
1698 1999 1784 2035 iustu

998 2042 1107 2087 potius
1118 2045 1149 2076 δι
1159 2053 1286 2089 aequurn
1296 2066 1306 2082 ,
1324 2043 1421 2089 quam
1434 2056 1595 2080 annorum
1609 2059 1783 2083 numerum

997 2089 1180 2136 expendant
1192 2105 1200 2126 :
1214 2103 1282 2137 quo
1293 2092 1542 2133 titulo,amab.o,
1561 2096 1695 2131 vestram
1705 2097 1784 2144 pos·

995 2136 1165 2174 seffionem
1180 2137 1399 2175 defendetis?-
1414 2141 1587 2190 Fingamus
1605 2145 1684 2179 vero
1695 2147 1782 2193 apud

994 2187 1062 2222 Dei
1075 2186 1217 2222 tribunal
1227 2187 1311 2223 hanc
1321 2188 1445 2224 causam
1458 2191 1583 2239 agitari,
1598 2195 1733 2239 quando
1749 2201 1782 2232 &

995 2236 1034 2271 ad
1047 2236 1132 2270 illius
1142 2238 1376 2285 cognitionem
1389 2240 1522 2285 proprie
1540 2245 1704 2288 pertinet,
1720 2257 1780 2280 nec

994 2285 1080 2320 inter
1090 2283 1244 2319 homines
1254 2286 1372 2320 melior
1382 2289 1513 2334 reperiri
1527 2291 1647 2336 potest,
1664 2303 1717 2325 aut
1727 2294 1777 2327 iu-

993 2332 1074 2368 stior
1085 2332 1217 2368 arbiter.
1242 2335 1435 2374 Facultates,
1445 2340 1603 2384 quantum
1613 2340 1776 2388 intelligo,

993 2380 1221 2428 quadrifariam
1239 2384 1370 2429 partitas
1393 2383 1533 2421 habetis.
1555 2389 1642 2422 Nam
1655 2392 1777 2434 partim

993 2430 1130 2465 decimis
1145 2453 1155 2469 ‚
1167 2433 1283 2477 partim
1296 2434 1410 2466 annuis
1420 2446 1474 2469 aut
1488 2447 1639 2482 agrorum
1652 2448 1706 2470 aut
1715 2449 1776 2472 ve-

993 2478 1162 2525 ‹Stigalium
1183 2479 1393 2526 pensionibus
1414 2505 1425 2521 ‚
1444 2486 1560 2529 partim
1582 2484 1708 2519 blandis
1720 2499 1776 2521 ca·

992 2526 1165 2573 ptionibus
1188 2533 1200 2569 (
1220 2540 1298 2576 quas
1310 2541 1368 2564 vos
1395 2532 1660 2566 extraordinarias
1677 2533 1774 2569 obla-

992 2576 1100 2609 tiones
1113 2580 1124 2615 )
1138 2577 1256 2622 partim
1268 2579 1424 2613 violentis
1437 2580 1660 2627 exacfftionibus
1681 2587 1773 2629 (quas

992 2623 1168 2671 spiritualia
1187 2626 1254 2660 iura
1266 2629 1460 2675 nuncupatis
1480 2633 1492 2668 )
1513 2629 1673 2666 constant.
1693 2631 1772 2667 'De-

993 2674 1089 2707 cimas
1099 2706 1102 2707 γ
1112 2673 1187 2719 quia
1197 2674 1245 2708 lex
1256 2675 1398 2711 Mosaica
1411 2678 1535 2711 Leuitis
1553 2677 1764 2722 attribuebat,

990 2721 1029 2755 ad
1041 2732 1102 2756 vos
1128 2723 1337 2763 (Leuiticum
1350 2723 1480 2759 ,scilicet
1493 2732 1619 2771 genus)
1644 2731 1772 2774 optima

990 2771 1117 2804 ratione
1125 2782 1208 2806 nunc
1219 2771 1278 2806 effe
1287 2772 1450 2809 transsatas
1464 2775 1644 2810 dicitis.De
1657 2776 1706 2811 his
1718 2792 1769 2812 er-

990 2830 1034 2866 go
1046 2814 1155 2866 primo
1166 2821 1243 2855 loco
1254 2820 1482 2867 disserendum.
1507 2825 1704 2872 anuam
1717 2825 1770 2861 su-

989 2879 1199 2913 peruacuum,
1210 2882 1245 2903 ac
1256 2870 1358 2917 prope
1369 2871 1541 2905 ridiculum
1553 2873 1771 2913 arbitronan·

988 2916 1072 2953 xiam
1085 2917 1124 2952 de
1138 2918 1207 2952 iure
1228 2919 1428 2953 decimarum
1446 2929 1554 2954 tecum
1572 2921 1769 2969 disputatio-

987 2976 1061 2999 nem
1071 2965 1257 3004 inststuere,
1277 2968 1334 3013 qui
1358 2979 1425 3000 non
1449 2967 1578 3014 ignoras
1598 2970 1769 3008 succeffio-

986 3026 1063 3049 nem
1081 3014 1171 3049 istam
1190 3016 1384 3061 cupidorum
1407 3014 1580 3052 hominum
1604 3022 1765 3056 callidita-

986 3072 1019 3098 te
1031 3085 1041 3102 ,
1058 3061 1146 3098 vafre
1156 3064 1290 3110 quidem
1304 3087 1314 3103 ,
1332 3063 1383 3097 sed
1395 3065 1480 3098 nulla
1494 3066 1660 3112 probabili
1677 3069 1767 3105 causa

985 3113 1308 3158 excogitatam.Nam
1320 3112 1410 3158 quod
1422 3125 1459 3148 ex
1467 3116 1632 3162 Apolstolo
1645 3118 1759 3158 citant,

984 3159 1134 3195 transsato
1147 3159 1443 3209 sacerdoti0,Legis
1454 3163 1694 3200 transsationem
1707 3179 1767 3201 ne-

983 3207 1114 3244 cessario
1127 3208 1280 3244 secutam:
1297 3210 1327 3242 id
1340 3211 1438 3256 quam
1451 3211 1620 3247 infirmum
1633 3214 1669 3248 sit
1683 3219 1715 3251 ὃς
1729 3227 1766 3250 e·

983 3259 1151 3300 uanidum,
1158 3257 1327 3293 ostendere
1335 3258 1503 3344 piget-CAZl³
1516 3261 1543 3294 C
1549 3261 1681 3316 hristum
1691 3261 1764 3305 sane·

1512 3320 1540 3342 c.
1578 3321 1612 3354 1]-
