<?xml version="1.0" encoding="UTF-8"?>
<!DOCTYPE html PUBLIC "-//W3C//DTD XHTML 1.0 Transitional//EN"
    "http://www.w3.org/TR/xhtml1/DTD/xhtml1-transitional.dtd">
<html xmlns="http://www.w3.org/1999/xhtml" xml:lang="en" lang="en">
 <head>
  <title>
</title>
<meta http-equiv="Content-Type" content="text/html;charset=utf-8" />
  <meta name='ocr-system' content='tesseract 3.04.00' />
  <meta name='ocr-capabilities' content='ocr_page ocr_carea ocr_par ocr_line ocrx_word'/>
</head>
<body>
  <div class='ocr_page' id='page_1' title='image "./ioanniscalvinitr00calv_0021.png"; bbox 0 0 2113 3674; ppageno 0'>
   <div class='ocr_carea' id='block_1_1' title="bbox 829 129 1782 176">
    <p class='ocr_par' dir='ltr' id='par_1_1' title="bbox 829 129 1782 176">
     <span class='ocr_line' id='line_1_1' title="bbox 829 129 1782 176; baseline -0.004 -12"><span class='ocrx_word' id='word_1_1' title='bbox 829 129 1155 164; x_wconf 80' lang='lat' dir='ltr'>DoMiNi.</span> <span class='ocrx_word' id='word_1_2' title='bbox 1760 141 1782 176; x_wconf 89' lang='lat'><em>7</em></span> 
     </span>
    </p>
   </div>
   <div class='ocr_carea' id='block_1_2' title="bbox 150 188 963 2732">
    <p class='ocr_par' dir='ltr' id='par_1_2' title="bbox 150 188 963 2732">
     <span class='ocr_line' id='line_1_2' title="bbox 193 188 960 230; baseline -0.003 -2"><span class='ocrx_word' id='word_1_3' title='bbox 193 191 326 228; x_wconf 77' lang='lat' dir='ltr'>scientia</span> <span class='ocrx_word' id='word_1_4' title='bbox 337 188 359 230; x_wconf 74' lang='lat'>‚&#39;</span> <span class='ocrx_word' id='word_1_5' title='bbox 379 201 416 224; x_wconf 90' lang='lat' dir='ltr'>vt</span> <span class='ocrx_word' id='word_1_6' title='bbox 427 190 488 226; x_wconf 67' lang='lat' dir='ltr'>rite</span> <span class='ocrx_word' id='word_1_7' title='bbox 506 192 697 226; x_wconf 75' lang='lat' dir='ltr'>Dominlim</span> <span class='ocrx_word' id='word_1_8' title='bbox 712 191 869 226; x_wconf 85' lang='lat' dir='ltr'>inuocare</span> <span class='ocrx_word' id='word_1_9' title='bbox 890 205 960 226; x_wconf 91' lang='lat' dir='ltr'>non</span> 
     </span>
     <span class='ocr_line' id='line_1_3' title="bbox 193 240 960 280; baseline -0.001 -5"><span class='ocrx_word' id='word_1_10' title='bbox 193 243 342 276; x_wconf 81' lang='lat' dir='ltr'>audeant.</span> <span class='ocrx_word' id='word_1_11' title='bbox 353 241 568 275; x_wconf 81' lang='lat' dir='ltr'>Temeritatis</span> <span class='ocrx_word' id='word_1_12' title='bbox 580 243 668 275; x_wconf 88' lang='lat' dir='ltr'>enim</span> <span class='ocrx_word' id='word_1_13' title='bbox 682 240 741 275; x_wconf 78' lang='lat' dir='ltr'>effe</span> <span class='ocrx_word' id='word_1_14' title='bbox 754 240 960 280; x_wconf 75' lang='lat' dir='ltr'>fatebuntur,</span> 
     </span>
     <span class='ocr_line' id='line_1_4' title="bbox 195 289 960 336; baseline 0 -13"><span class='ocrx_word' id='word_1_15' title='bbox 195 292 308 326; x_wconf 75' lang='lat' dir='ltr'>Deum</span> <span class='ocrx_word' id='word_1_16' title='bbox 332 290 484 323; x_wconf 67' lang='lat' dir='ltr'>inuocare</span> <span class='ocrx_word' id='word_1_17' title='bbox 505 301 539 324; x_wconf 81' lang='lat' dir='ltr'>Vt</span> <span class='ocrx_word' id='word_1_18' title='bbox 564 302 687 336; x_wconf 83' lang='lat' dir='ltr'>patrem</span> <span class='ocrx_word' id='word_1_19' title='bbox 701 313 711 329; x_wconf 87' lang='lat'>‚</span> <span class='ocrx_word' id='word_1_20' title='bbox 731 289 791 323; x_wconf 84' lang='lat' dir='ltr'>nisi</span> <span class='ocrx_word' id='word_1_21' title='bbox 812 289 960 324; x_wconf 84' lang='lat' dir='ltr'>membra</span> 
     </span>
     <span class='ocr_line' id='line_1_5' title="bbox 194 336 958 385; baseline -0.003 -11"><span class='ocrx_word' id='word_1_22' title='bbox 194 336 321 374; x_wconf 73' lang='lat' dir='ltr'>Chi-isti</span> <span class='ocrx_word' id='word_1_23' title='bbox 336 336 446 371; x_wconf 64' lang='lat' dir='ltr'>fimuc.</span> <span class='ocrx_word' id='word_1_24' title='bbox 483 339 587 385; x_wconf 71' lang='lat' dir='ltr'>Qod</span> <span class='ocrx_word' id='word_1_25' title='bbox 600 337 672 372; x_wconf 80' lang='lat' dir='ltr'>ficri</span> <span class='ocrx_word' id='word_1_26' title='bbox 686 351 752 372; x_wconf 89' lang='lat' dir='ltr'>non</span> <span class='ocrx_word' id='word_1_27' title='bbox 766 339 883 385; x_wconf 75' lang='lat' dir='ltr'>potest,</span> <span class='ocrx_word' id='word_1_28' title='bbox 899 338 958 372; x_wconf 82' lang='lat' dir='ltr'>nisi</span> 
     </span>
     <span class='ocr_line' id='line_1_6' title="bbox 194 384 957 433; baseline -0.001 -11"><span class='ocrx_word' id='word_1_29' title='bbox 194 389 310 422; x_wconf 77' lang='lat' dir='ltr'>Coenae</span> <span class='ocrx_word' id='word_1_30' title='bbox 323 384 473 420; x_wconf 65' lang='lat' dir='ltr'>substatia</span> <span class='ocrx_word' id='word_1_31' title='bbox 486 394 515 422; x_wconf 60' lang='grc' dir='ltr'>ἃ</span> <span class='ocrx_word' id='word_1_32' title='bbox 530 388 649 422; x_wconf 83' lang='lat' dir='ltr'>veritas</span> <span class='ocrx_word' id='word_1_33' title='bbox 660 388 692 420; x_wconf 92' lang='lat' dir='ltr'>in</span> <span class='ocrx_word' id='word_1_34' title='bbox 707 387 805 421; x_wconf 88' lang='lat' dir='ltr'>nobis</span> <span class='ocrx_word' id='word_1_35' title='bbox 819 388 957 433; x_wconf 80' lang='lat' dir='ltr'>implea-</span> 
     </span>
     <span class='ocr_line' id='line_1_7' title="bbox 193 434 956 488; baseline -0.001 -19"><span class='ocrx_word' id='word_1_36' title='bbox 193 446 259 469; x_wconf 87' lang='lat' dir='ltr'>tur.</span> <span class='ocrx_word' id='word_1_37' title='bbox 279 434 383 488; x_wconf 69' lang='lat' dir='ltr'>Qd</span> <span class='ocrx_word' id='word_1_38' title='bbox 394 434 413 468; x_wconf 83' lang='lat' dir='ltr'>si</span> <span class='ocrx_word' id='word_1_39' title='bbox 428 437 599 470; x_wconf 84' lang='lat' dir='ltr'>veritatem</span> <span class='ocrx_word' id='word_1_40' title='bbox 613 434 714 483; x_wconf 82' lang='lat' dir='ltr'>ipsam</span> <span class='ocrx_word' id='word_1_41' title='bbox 730 436 956 474; x_wconf 81' lang='lat' dir='ltr'>tenemus,16-</span> 
     </span>
     <span class='ocr_line' id='line_1_8' title="bbox 193 483 957 532; baseline 0 -14"><span class='ocrx_word' id='word_1_42' title='bbox 193 483 236 531; x_wconf 75' lang='lat' dir='ltr'>ge</span> <span class='ocrx_word' id='word_1_43' title='bbox 244 485 364 518; x_wconf 81' lang='lat' dir='ltr'>maiori</span> <span class='ocrx_word' id='word_1_44' title='bbox 374 486 501 518; x_wconf 81' lang='lat' dir='ltr'>ratione</span> <span class='ocrx_word' id='word_1_45' title='bbox 515 484 609 532; x_wconf 85' lang='lat' dir='ltr'>signo</span> <span class='ocrx_word' id='word_1_46' title='bbox 623 484 839 532; x_wconf 78' lang='lat' dir='ltr'>percipiendo</span> <span class='ocrx_word' id='word_1_47' title='bbox 850 483 957 518; x_wconf 82' lang='lat' dir='ltr'>sumus</span> 
     </span>
     <span class='ocr_line' id='line_1_9' title="bbox 193 531 950 580; baseline 0.003 -15"><span class='ocrx_word' id='word_1_48' title='bbox 193 532 373 566; x_wconf 85' lang='lat' dir='ltr'>idonei.Ex</span> <span class='ocrx_word' id='word_1_49' title='bbox 386 544 453 579; x_wconf 88' lang='lat' dir='ltr'>quo</span> <span class='ocrx_word' id='word_1_50' title='bbox 464 533 690 572; x_wconf 75' lang='lat' dir='ltr'>videmus‚cos</span> <span class='ocrx_word' id='word_1_51' title='bbox 703 531 803 580; x_wconf 89' lang='lat' dir='ltr'>quise</span> <span class='ocrx_word' id='word_1_52' title='bbox 816 543 851 567; x_wconf 90' lang='lat' dir='ltr'>vt</span> <span class='ocrx_word' id='word_1_53' title='bbox 861 532 950 567; x_wconf 88' lang='lat' dir='ltr'>indi-</span> 
     </span>
     <span class='ocr_line' id='line_1_10' title="bbox 194 580 956 629; baseline 0.003 -16"><span class='ocrx_word' id='word_1_54' title='bbox 194 592 280 628; x_wconf 76' lang='lat' dir='ltr'>gnos</span> <span class='ocrx_word' id='word_1_55' title='bbox 290 580 308 615; x_wconf 70' lang='lat' dir='ltr'>a</span> <span class='ocrx_word' id='word_1_56' title='bbox 319 582 426 615; x_wconf 83' lang='lat' dir='ltr'>Coena</span> <span class='ocrx_word' id='word_1_57' title='bbox 436 583 577 616; x_wconf 73' lang='lat' dir='ltr'>eximere</span> <span class='ocrx_word' id='word_1_58' title='bbox 591 582 732 621; x_wconf 85' lang='lat' dir='ltr'>volunt,</span> <span class='ocrx_word' id='word_1_59' title='bbox 760 594 882 629; x_wconf 85' lang='lat' dir='ltr'>magno</span> <span class='ocrx_word' id='word_1_60' title='bbox 897 582 956 615; x_wconf 88' lang='lat' dir='ltr'>illo</span> 
     </span>
     <span class='ocr_line' id='line_1_11' title="bbox 194 628 956 677; baseline 0.001 -14"><span class='ocrx_word' id='word_1_61' title='bbox 194 630 375 664; x_wconf 84' lang='lat' dir='ltr'>inuocandi</span> <span class='ocrx_word' id='word_1_62' title='bbox 385 634 417 666; x_wconf 89' lang='lat'>&amp;</span> <span class='ocrx_word' id='word_1_63' title='bbox 429 631 547 665; x_wconf 83' lang='lat' dir='ltr'>orandi</span> <span class='ocrx_word' id='word_1_64' title='bbox 569 632 638 664; x_wconf 90' lang='lat' dir='ltr'>Dei</span> <span class='ocrx_word' id='word_1_65' title='bbox 651 630 744 664; x_wconf 90' lang='lat' dir='ltr'>bono</span> <span class='ocrx_word' id='word_1_66' title='bbox 757 628 875 677; x_wconf 83' lang='lat' dir='ltr'>scipsos</span> <span class='ocrx_word' id='word_1_67' title='bbox 886 632 956 677; x_wconf 87' lang='lat' dir='ltr'>pri-</span> 
     </span>
     <span class='ocr_line' id='line_1_12' title="bbox 195 678 956 726; baseline 0 -14"><span class='ocrx_word' id='word_1_68' title='bbox 195 690 280 712; x_wconf 84' lang='lat' dir='ltr'>uare.</span> <span class='ocrx_word' id='word_1_69' title='bbox 294 679 546 718; x_wconf 75' lang='lat' dir='ltr'>Caeteriim,viin</span> <span class='ocrx_word' id='word_1_70' title='bbox 563 678 689 713; x_wconf 83' lang='lat' dir='ltr'>adferre</span> <span class='ocrx_word' id='word_1_71' title='bbox 700 679 804 713; x_wconf 89' lang='lat' dir='ltr'>nolim</span> <span class='ocrx_word' id='word_1_72' title='bbox 817 680 856 712; x_wconf 82' lang='lat' dir='ltr'>iis</span> <span class='ocrx_word' id='word_1_73' title='bbox 868 692 956 726; x_wconf 89' lang='lat' dir='ltr'>quo-</span> 
     </span>
     <span class='ocr_line' id='line_1_13' title="bbox 193 726 956 774; baseline 0.003 -13"><span class='ocrx_word' id='word_1_74' title='bbox 193 739 266 761; x_wconf 86' lang='lat' dir='ltr'>rum</span> <span class='ocrx_word' id='word_1_75' title='bbox 279 729 483 774; x_wconf 68' lang='lat' dir='ltr'>exagitantur·</span> <span class='ocrx_word' id='word_1_76' title='bbox 495 726 728 768; x_wconf 51' lang='lat' dir='ltr'>conscientie,</span> <span class='ocrx_word' id='word_1_77' title='bbox 751 733 781 763; x_wconf 73' lang='grc' dir='ltr'>ἃ</span> <span class='ocrx_word' id='word_1_78' title='bbox 793 739 956 763; x_wconf 84' lang='lat' dir='ltr'>terrentur</span> 
     </span>
     <span class='ocr_line' id='line_1_14' title="bbox 194 774 954 824; baseline 0.003 -15"><span class='ocrx_word' id='word_1_79' title='bbox 194 776 302 823; x_wconf 84' lang='lat' dir='ltr'>aliqua</span> <span class='ocrx_word' id='word_1_80' title='bbox 320 776 483 823; x_wconf 82' lang='lat' dir='ltr'>religione</span> <span class='ocrx_word' id='word_1_81' title='bbox 496 799 506 815; x_wconf 88' lang='lat'>‚</span> <span class='ocrx_word' id='word_1_82' title='bbox 527 787 562 810; x_wconf 78' lang='lat' dir='ltr'>Vt</span> <span class='ocrx_word' id='word_1_83' title='bbox 573 774 634 811; x_wconf 86' lang='lat' dir='ltr'>sese</span> <span class='ocrx_word' id='word_1_84' title='bbox 647 777 770 810; x_wconf 74' lang='lat' dir='ltr'>temere</span> <span class='ocrx_word' id='word_1_85' title='bbox 791 778 954 824; x_wconf 80' lang='lat' dir='ltr'>ingerant:</span> 
     </span>
     <span class='ocr_line' id='line_1_15' title="bbox 193 822 952 871; baseline 0.001 -13"><span class='ocrx_word' id='word_1_86' title='bbox 193 822 247 858; x_wconf 88' lang='lat' dir='ltr'>sed</span> <span class='ocrx_word' id='word_1_87' title='bbox 272 824 383 871; x_wconf 86' lang='lat' dir='ltr'>potius</span> <span class='ocrx_word' id='word_1_88' title='bbox 396 823 530 858; x_wconf 88' lang='lat' dir='ltr'>consulo</span> <span class='ocrx_word' id='word_1_89' title='bbox 545 836 580 861; x_wconf 80' lang='lat' dir='ltr'>vt</span> <span class='ocrx_word' id='word_1_90' title='bbox 600 823 757 871; x_wconf 83' lang='lat' dir='ltr'>tantisper</span> <span class='ocrx_word' id='word_1_91' title='bbox 767 827 952 870; x_wconf 60' lang='lat' dir='ltr'>expeetent,</span> 
     </span>
     <span class='ocr_line' id='line_1_16' title="bbox 195 871 953 918; baseline 0.001 -11"><span class='ocrx_word' id='word_1_92' title='bbox 195 873 273 908; x_wconf 90' lang='lat' dir='ltr'>dum</span> <span class='ocrx_word' id='word_1_93' title='bbox 286 871 371 918; x_wconf 87' lang='lat' dir='ltr'>ipsos</span> <span class='ocrx_word' id='word_1_94' title='bbox 389 874 562 908; x_wconf 85' lang='lat' dir='ltr'>Dominus</span> <span class='ocrx_word' id='word_1_95' title='bbox 577 887 612 908; x_wconf 82' lang='lat' dir='ltr'>ea</span> <span class='ocrx_word' id='word_1_96' title='bbox 623 875 785 908; x_wconf 82' lang='lat' dir='ltr'>anxietate</span> <span class='ocrx_word' id='word_1_97' title='bbox 796 874 953 908; x_wconf 79' lang='lat' dir='ltr'>liberarit.</span> 
     </span>
     <span class='ocr_line' id='line_1_17' title="bbox 168 920 955 969; baseline -0.001 -12"><span class='ocrx_word' id='word_1_98' title='bbox 168 946 183 957; x_wconf 47' lang='lat' dir='ltr'>a</span> <span class='ocrx_word' id='word_1_99' title='bbox 194 924 228 956; x_wconf 87' lang='lat' dir='ltr'>Si</span> <span class='ocrx_word' id='word_1_100' title='bbox 238 934 301 969; x_wconf 85' lang='lat' dir='ltr'>qua</span> <span class='ocrx_word' id='word_1_101' title='bbox 311 921 458 956; x_wconf 75' lang='lat' dir='ltr'>ilmiliter</span> <span class='ocrx_word' id='word_1_102' title='bbox 470 922 550 957; x_wconf 84' lang='lat' dir='ltr'>iusta</span> <span class='ocrx_word' id='word_1_103' title='bbox 562 922 651 956; x_wconf 79' lang='lat' dir='ltr'>causa</span> <span class='ocrx_word' id='word_1_104' title='bbox 663 921 700 956; x_wconf 86' lang='lat' dir='ltr'>sit</span> <span class='ocrx_word' id='word_1_105' title='bbox 709 946 719 961; x_wconf 90' lang='lat'>‚</span> <span class='ocrx_word' id='word_1_106' title='bbox 733 923 813 969; x_wconf 87' lang='lat' dir='ltr'>quin</span> <span class='ocrx_word' id='word_1_107' title='bbox 826 920 955 962; x_wconf 75' lang='lat' dir='ltr'>differre</span> 
     </span>
     <span class='ocr_line' id='line_1_18' title="bbox 194 970 954 1009; baseline 0 -5"><span class='ocrx_word' id='word_1_108' title='bbox 194 971 291 1004; x_wconf 77' lang='lat' dir='ltr'>liceat</span> <span class='ocrx_word' id='word_1_109' title='bbox 300 983 368 1004; x_wconf 93' lang='lat' dir='ltr'>non</span> <span class='ocrx_word' id='word_1_110' title='bbox 380 971 524 1006; x_wconf 89' lang='lat' dir='ltr'>inficior.</span> <span class='ocrx_word' id='word_1_111' title='bbox 547 970 698 1006; x_wconf 66' lang='lat' dir='ltr'>Tantiun</span> <span class='ocrx_word' id='word_1_112' title='bbox 709 971 881 1006; x_wconf 77' lang='lat' dir='ltr'>ostendere</span> <span class='ocrx_word' id='word_1_113' title='bbox 890 982 954 1009; x_wconf 85' lang='lat' dir='ltr'>vo-</span> 
     </span>
     <span class='ocr_line' id='line_1_19' title="bbox 194 1018 953 1066; baseline 0.004 -14"><span class='ocrx_word' id='word_1_114' title='bbox 194 1020 240 1057; x_wconf 83' lang='lat'>10,</span> <span class='ocrx_word' id='word_1_115' title='bbox 255 1021 422 1055; x_wconf 88' lang='lat' dir='ltr'>neminem</span> <span class='ocrx_word' id='word_1_116' title='bbox 437 1020 491 1054; x_wconf 90' lang='lat' dir='ltr'>diu</span> <span class='ocrx_word' id='word_1_117' title='bbox 505 1021 537 1054; x_wconf 88' lang='lat' dir='ltr'>in</span> <span class='ocrx_word' id='word_1_118' title='bbox 553 1033 592 1054; x_wconf 93' lang='lat' dir='ltr'>eo</span> <span class='ocrx_word' id='word_1_119' title='bbox 605 1018 808 1066; x_wconf 77' lang='lat' dir='ltr'>acquiescere</span> <span class='ocrx_word' id='word_1_120' title='bbox 820 1019 953 1060; x_wconf 82' lang='lat' dir='ltr'>debere,</span> 
     </span>
     <span class='ocr_line' id='line_1_20' title="bbox 194 1068 954 1117; baseline 0.003 -15"><span class='ocrx_word' id='word_1_121' title='bbox 194 1080 230 1102; x_wconf 84' lang='lat' dir='ltr'>vr</span> <span class='ocrx_word' id='word_1_122' title='bbox 241 1069 622 1117; x_wconf 79' lang='lat' dir='ltr'>propterindignitatem</span> <span class='ocrx_word' id='word_1_123' title='bbox 632 1068 717 1103; x_wconf 82' lang='lat' dir='ltr'>suam</span> <span class='ocrx_word' id='word_1_124' title='bbox 727 1068 954 1104; x_wconf 80' lang='lat' dir='ltr'>abstineat.sic</span> 
     </span>
     <span class='ocr_line' id='line_1_21' title="bbox 194 1118 954 1164; baseline 0.003 -14"><span class='ocrx_word' id='word_1_125' title='bbox 194 1119 285 1151; x_wconf 84' lang='lat' dir='ltr'>enim</span> <span class='ocrx_word' id='word_1_126' title='bbox 299 1118 449 1152; x_wconf 86' lang='lat' dir='ltr'>Ecclesiae</span> <span class='ocrx_word' id='word_1_127' title='bbox 470 1118 778 1152; x_wconf 81' lang='lat' dir='ltr'>communicatione</span> <span class='ocrx_word' id='word_1_128' title='bbox 797 1119 954 1164; x_wconf 80' lang='lat' dir='ltr'>priuatur:</span> 
     </span>
     <span class='ocr_line' id='line_1_22' title="bbox 193 1163 954 1212; baseline 0.003 -13"><span class='ocrx_word' id='word_1_129' title='bbox 193 1166 228 1199; x_wconf 82' lang='lat' dir='ltr'>in</span> <span class='ocrx_word' id='word_1_130' title='bbox 239 1178 303 1212; x_wconf 84' lang='lat' dir='ltr'>qua</span> <span class='ocrx_word' id='word_1_131' title='bbox 312 1165 393 1200; x_wconf 83' lang='lat' dir='ltr'>salus</span> <span class='ocrx_word' id='word_1_132' title='bbox 405 1163 515 1203; x_wconf 81' lang='lat' dir='ltr'>nostra</span> <span class='ocrx_word' id='word_1_133' title='bbox 524 1168 633 1200; x_wconf 88' lang='lat' dir='ltr'>omnis</span> <span class='ocrx_word' id='word_1_134' title='bbox 646 1165 703 1200; x_wconf 80' lang='lat' dir='ltr'>sita</span> <span class='ocrx_word' id='word_1_135' title='bbox 712 1165 769 1200; x_wconf 79' lang='lat' dir='ltr'>cst.</span> <span class='ocrx_word' id='word_1_136' title='bbox 777 1166 888 1212; x_wconf 86' lang='lat' dir='ltr'>potius</span> <span class='ocrx_word' id='word_1_137' title='bbox 900 1168 954 1201; x_wconf 74' lang='lat' dir='ltr'>ni-</span> 
     </span>
     <span class='ocr_line' id='line_1_23' title="bbox 193 1212 955 1262; baseline 0 -14"><span class='ocrx_word' id='word_1_138' title='bbox 193 1212 440 1253; x_wconf 77' lang='lat' dir='ltr'>taturaduersus</span> <span class='ocrx_word' id='word_1_139' title='bbox 453 1215 694 1261; x_wconf 86' lang='lat' dir='ltr'>impedimenta</span> <span class='ocrx_word' id='word_1_140' title='bbox 703 1216 814 1249; x_wconf 80' lang='lat' dir='ltr'>omnia</span> <span class='ocrx_word' id='word_1_141' title='bbox 826 1227 955 1262; x_wconf 82' lang='lat' dir='ltr'>pugna-</span> 
     </span>
     <span class='ocr_line' id='line_1_24' title="bbox 192 1262 953 1310; baseline 0 -12"><span class='ocrx_word' id='word_1_142' title='bbox 192 1275 241 1303; x_wconf 63' lang='lat' dir='ltr'>re,</span> <span class='ocrx_word' id='word_1_143' title='bbox 255 1274 326 1310; x_wconf 82' lang='lat' dir='ltr'>quae</span> <span class='ocrx_word' id='word_1_144' title='bbox 339 1264 356 1298; x_wconf 73' lang='lat' dir='ltr'>a</span> <span class='ocrx_word' id='word_1_145' title='bbox 372 1262 508 1298; x_wconf 83' lang='lat' dir='ltr'>diabolo</span> <span class='ocrx_word' id='word_1_146' title='bbox 520 1263 735 1298; x_wconf 82' lang='lat' dir='ltr'>obiiciuntur:</span> <span class='ocrx_word' id='word_1_147' title='bbox 749 1276 789 1297; x_wconf 88' lang='lat' dir='ltr'>ne</span> <span class='ocrx_word' id='word_1_148' title='bbox 801 1264 953 1298; x_wconf 78' lang='lat' dir='ltr'>excluda-</span> 
     </span>
     <span class='ocr_line' id='line_1_25' title="bbox 193 1310 955 1359; baseline -0.001 -13"><span class='ocrx_word' id='word_1_149' title='bbox 193 1322 246 1346; x_wconf 87' lang='lat' dir='ltr'>tur</span> <span class='ocrx_word' id='word_1_150' title='bbox 258 1313 275 1347; x_wconf 64' lang='grc' dir='ltr'><strong>ᾗ</strong></span> <span class='ocrx_word' id='word_1_151' title='bbox 286 1322 379 1347; x_wconf 84' lang='lat' dir='ltr'>tanto</span> <span class='ocrx_word' id='word_1_152' title='bbox 392 1312 498 1352; x_wconf 78' lang='lat' dir='ltr'>botin,</span> <span class='ocrx_word' id='word_1_153' title='bbox 511 1325 546 1346; x_wconf 84' lang='lat' dir='ltr'>ac</span> <span class='ocrx_word' id='word_1_154' title='bbox 559 1310 731 1347; x_wconf 86' lang='lat' dir='ltr'>beneficiis</span> <span class='ocrx_word' id='word_1_155' title='bbox 746 1313 865 1359; x_wconf 82' lang='lat' dir='ltr'>pariter</span> <span class='ocrx_word' id='word_1_156' title='bbox 876 1324 955 1346; x_wconf 90' lang='lat' dir='ltr'>om-</span> 
     </span>
     <span class='ocr_line' id='line_1_26' title="bbox 189 1360 952 1409; baseline 0 -14"><span class='ocrx_word' id='word_1_157' title='bbox 189 1360 292 1395; x_wconf 79' lang='lat' dir='ltr'>nibus</span> <span class='ocrx_word' id='word_1_158' title='bbox 305 1384 313 1397; x_wconf 77' lang='grc'>,</span> <span class='ocrx_word' id='word_1_159' title='bbox 335 1360 458 1408; x_wconf 85' lang='lat' dir='ltr'>quibus</span> <span class='ocrx_word' id='word_1_160' title='bbox 467 1373 541 1395; x_wconf 90' lang='lat' dir='ltr'>eum</span> <span class='ocrx_word' id='word_1_161' title='bbox 555 1361 674 1409; x_wconf 86' lang='lat' dir='ltr'>priuari</span> <span class='ocrx_word' id='word_1_162' title='bbox 685 1360 887 1407; x_wconf 84' lang='lat' dir='ltr'>consequens</span> <span class='ocrx_word' id='word_1_163' title='bbox 898 1362 952 1395; x_wconf 87' lang='lat' dir='ltr'>est.</span> 
     </span>
     <span class='ocr_line' id='line_1_27' title="bbox 193 1409 952 1457; baseline 0.001 -13"><span class='ocrx_word' id='word_1_164' title='bbox 193 1410 303 1444; x_wconf 78' lang='lat' dir='ltr'>Alteri</span> <span class='ocrx_word' id='word_1_165' title='bbox 317 1411 388 1457; x_wconf 88' lang='lat' dir='ltr'>plus</span> <span class='ocrx_word' id='word_1_166' title='bbox 397 1410 552 1444; x_wconf 87' lang='lat' dir='ltr'>videntur</span> <span class='ocrx_word' id='word_1_167' title='bbox 564 1409 684 1445; x_wconf 84' lang='lat' dir='ltr'>habere</span> <span class='ocrx_word' id='word_1_168' title='bbox 696 1411 833 1444; x_wconf 82' lang='lat' dir='ltr'>colotis:</span> <span class='ocrx_word' id='word_1_169' title='bbox 859 1409 952 1456; x_wconf 74' lang='lat' dir='ltr'>quod</span> 
     </span>
     <span class='ocr_line' id='line_1_28' title="bbox 193 1458 954 1507; baseline -0.001 -14"><span class='ocrx_word' id='word_1_170' title='bbox 193 1471 392 1507; x_wconf 85' lang='lat' dir='ltr'>argumento</span> <span class='ocrx_word' id='word_1_171' title='bbox 404 1460 466 1494; x_wconf 79' lang='lat' dir='ltr'>isto</span> <span class='ocrx_word' id='word_1_172' title='bbox 479 1459 658 1494; x_wconf 76' lang='lat' dir='ltr'>vtanturzSi</span> <span class='ocrx_word' id='word_1_173' title='bbox 671 1458 824 1493; x_wconf 85' lang='lat' dir='ltr'>videlicet</span> <span class='ocrx_word' id='word_1_174' title='bbox 835 1470 954 1505; x_wconf 85' lang='lat' dir='ltr'>panem</span> 
     </span>
     <span class='ocr_line' id='line_1_29' title="bbox 195 1504 955 1554; baseline -0.001 -13"><span class='ocrx_word' id='word_1_175' title='bbox 195 1520 412 1542; x_wconf 85' lang='lat' dir='ltr'>communem</span> <span class='ocrx_word' id='word_1_176' title='bbox 424 1521 492 1541; x_wconf 85' lang='lat' dir='ltr'>non</span> <span class='ocrx_word' id='word_1_177' title='bbox 504 1509 600 1542; x_wconf 77' lang='lat' dir='ltr'>liceat</span> <span class='ocrx_word' id='word_1_178' title='bbox 611 1520 684 1541; x_wconf 90' lang='lat' dir='ltr'>cum</span> <span class='ocrx_word' id='word_1_179' title='bbox 695 1509 734 1548; x_wconf 79' lang='lat' dir='ltr'>iis</span> <span class='ocrx_word' id='word_1_180' title='bbox 747 1507 842 1542; x_wconf 89' lang='lat' dir='ltr'>edere</span> <span class='ocrx_word' id='word_1_181' title='bbox 853 1504 955 1554; x_wconf 88' lang='lat' dir='ltr'>quise</span> 
     </span>
     <span class='ocr_line' id='line_1_30' title="bbox 194 1554 956 1602; baseline 0 -12"><span class='ocrx_word' id='word_1_182' title='bbox 194 1554 311 1590; x_wconf 81' lang='lat' dir='ltr'>fratres</span> <span class='ocrx_word' id='word_1_183' title='bbox 322 1557 498 1591; x_wconf 71' lang='lat' dir='ltr'>nominant</span> <span class='ocrx_word' id='word_1_184' title='bbox 507 1580 518 1596; x_wconf 93' lang='lat'>‚</span> <span class='ocrx_word' id='word_1_185' title='bbox 542 1562 575 1595; x_wconf 85' lang='lat'>&amp;</span> <span class='ocrx_word' id='word_1_186' title='bbox 585 1556 805 1594; x_wconf 85' lang='lat' dir='ltr'>nihilominus</span> <span class='ocrx_word' id='word_1_187' title='bbox 815 1556 956 1602; x_wconf 84' lang='lat' dir='ltr'>turpiter</span> 
     </span>
     <span class='ocr_line' id='line_1_31' title="bbox 194 1603 955 1650; baseline -0.004 -9"><span class='ocrx_word' id='word_1_188' title='bbox 194 1609 227 1641; x_wconf 91' lang='lat'>&amp;</span> <span class='ocrx_word' id='word_1_189' title='bbox 242 1603 394 1640; x_wconf 69' lang='lat' dir='ltr'>difl‘olute</span> <span class='ocrx_word' id='word_1_190' title='bbox 407 1607 544 1645; x_wconf 77' lang='lat' dir='ltr'>viuunt,</span> <span class='ocrx_word' id='word_1_191' title='bbox 565 1606 671 1643; x_wconf 85' lang='lat' dir='ltr'>multo</span> <span class='ocrx_word' id='word_1_192' title='bbox 684 1605 791 1639; x_wconf 87' lang='lat' dir='ltr'>minus</span> <span class='ocrx_word' id='word_1_193' title='bbox 802 1617 877 1639; x_wconf 87' lang='lat' dir='ltr'>eum</span> <span class='ocrx_word' id='word_1_194' title='bbox 896 1616 955 1650; x_wconf 82' lang='lat' dir='ltr'>pa-</span> 
     </span>
     <span class='ocr_line' id='line_1_32' title="bbox 193 1652 955 1700; baseline -0.003 -11"><span class='ocrx_word' id='word_1_195' title='bbox 193 1666 271 1689; x_wconf 85' lang='lat' dir='ltr'>nem</span> <span class='ocrx_word' id='word_1_196' title='bbox 284 1655 341 1700; x_wconf 89' lang='lat' dir='ltr'>qui</span> <span class='ocrx_word' id='word_1_197' title='bbox 354 1653 466 1691; x_wconf 40' lang='lat' dir='ltr'>inihoc</span> <span class='ocrx_word' id='word_1_198' title='bbox 476 1652 680 1692; x_wconf 85' lang='lat' dir='ltr'>consecratus</span> <span class='ocrx_word' id='word_1_199' title='bbox 692 1654 787 1691; x_wconf 72' lang='lat' dir='ltr'>esi,vt</span> <span class='ocrx_word' id='word_1_200' title='bbox 797 1652 955 1700; x_wconf 84' lang='lat' dir='ltr'>repraesen</span> 
     </span>
     <span class='ocr_line' id='line_1_33' title="bbox 150 1701 955 1750; baseline 0 -14"><span class='ocrx_word' id='word_1_201' title='bbox 150 1707 156 1709; x_wconf 66' lang='grc'>“</span> <span class='ocrx_word' id='word_1_202' title='bbox 193 1712 242 1738; x_wconf 84' lang='lat' dir='ltr'>tet</span> <span class='ocrx_word' id='word_1_203' title='bbox 254 1701 450 1737; x_wconf 78' lang='lat' dir='ltr'>acexliibeat</span> <span class='ocrx_word' id='word_1_204' title='bbox 463 1701 693 1750; x_wconf 31' lang='lat' dir='ltr'>nobis-corpus</span> <span class='ocrx_word' id='word_1_205' title='bbox 706 1702 864 1737; x_wconf 74' lang='lat' dir='ltr'>Domini.</span> <span class='ocrx_word' id='word_1_206' title='bbox 880 1704 955 1738; x_wconf 90' lang='lat' dir='ltr'>Ve-</span> 
     </span>
     <span class='ocr_line' id='line_1_34' title="bbox 193 1748 955 1798; baseline -0.003 -12"><span class='ocrx_word' id='word_1_207' title='bbox 193 1752 268 1787; x_wconf 72' lang='lat' dir='ltr'>rum</span> <span class='ocrx_word' id='word_1_208' title='bbox 279 1763 386 1798; x_wconf 86' lang='lat' dir='ltr'>neque</span> <span class='ocrx_word' id='word_1_209' title='bbox 396 1750 446 1785; x_wconf 84' lang='lat' dir='ltr'>his</span> <span class='ocrx_word' id='word_1_210' title='bbox 457 1749 654 1798; x_wconf 87' lang='lat' dir='ltr'>respondere</span> <span class='ocrx_word' id='word_1_211' title='bbox 665 1748 801 1793; x_wconf 81' lang='lat' dir='ltr'>difficile</span> <span class='ocrx_word' id='word_1_212' title='bbox 814 1750 870 1786; x_wconf 88' lang='lat' dir='ltr'>est:</span> <span class='ocrx_word' id='word_1_213' title='bbox 884 1762 955 1785; x_wconf 86' lang='lat' dir='ltr'>non</span> 
     </span>
     <span class='ocr_line' id='line_1_35' title="bbox 194 1797 955 1852; baseline 0.004 -16"><span class='ocrx_word' id='word_1_214' title='bbox 194 1798 256 1849; x_wconf 79' lang='lat' dir='ltr'>effe</span> <span class='ocrx_word' id='word_1_215' title='bbox 267 1800 387 1850; x_wconf 81' lang='lat' dir='ltr'>priuati</span> <span class='ocrx_word' id='word_1_216' title='bbox 398 1800 711 1852; x_wconf 43' lang='lat' dir='ltr'>cuiusquesiudicate</span> <span class='ocrx_word' id='word_1_217' title='bbox 723 1812 758 1836; x_wconf 79' lang='lat' dir='ltr'>ac</span> <span class='ocrx_word' id='word_1_218' title='bbox 773 1797 955 1839; x_wconf 81' lang='lat' dir='ltr'>discernere</span> 
     </span>
     <span class='ocr_line' id='line_1_36' title="bbox 195 1853 955 1905; baseline -0.007 -13"><span class='ocrx_word' id='word_1_219' title='bbox 195 1853 270 1905; x_wconf 86' lang='lat' dir='ltr'>quis</span> <span class='ocrx_word' id='word_1_220' title='bbox 293 1854 524 1892; x_wconf 77' lang='lat' dir='ltr'>admittendus</span> <span class='ocrx_word' id='word_1_221' title='bbox 541 1867 597 1896; x_wconf 86' lang='lat' dir='ltr'>aut</span> <span class='ocrx_word' id='word_1_222' title='bbox 615 1854 774 1890; x_wconf 82' lang='lat' dir='ltr'>arcendus</span> <span class='ocrx_word' id='word_1_223' title='bbox 793 1854 955 1891; x_wconf 76' lang='lat' dir='ltr'>videatur:</span> 
     </span>
     <span class='ocr_line' id='line_1_37' title="bbox 194 1903 963 1952; baseline -0.005 -11"><span class='ocrx_word' id='word_1_224' title='bbox 194 1906 249 1941; x_wconf 86' lang='lat' dir='ltr'>sed</span> <span class='ocrx_word' id='word_1_225' title='bbox 260 1907 301 1942; x_wconf 85' lang='lat' dir='ltr'>ad</span> <span class='ocrx_word' id='word_1_226' title='bbox 313 1919 418 1942; x_wconf 80' lang='lat' dir='ltr'>totam</span> <span class='ocrx_word' id='word_1_227' title='bbox 429 1905 607 1941; x_wconf 74' lang='lat' dir='ltr'>Ecclesiam</span> <span class='ocrx_word' id='word_1_228' title='bbox 618 1905 855 1952; x_wconf 85' lang='lat' dir='ltr'>pertinere,aut</span> <span class='ocrx_word' id='word_1_229' title='bbox 865 1903 904 1941; x_wconf 81' lang='lat' dir='ltr'>ad</span> <span class='ocrx_word' id='word_1_230' title='bbox 916 1914 963 1949; x_wconf 56' lang='grc' dir='ltr'>Ρειν</span> 
     </span>
     <span class='ocr_line' id='line_1_38' title="bbox 194 1953 956 2001; baseline -0.005 -12"><span class='ocrx_word' id='word_1_231' title='bbox 194 1957 314 1990; x_wconf 67' lang='lat' dir='ltr'>aorem</span> <span class='ocrx_word' id='word_1_232' title='bbox 326 1954 514 1992; x_wconf 87' lang='lat' dir='ltr'>&amp;seniores</span> <span class='ocrx_word' id='word_1_233' title='bbox 531 1979 543 1994; x_wconf 88' lang='lat'>‚</span> <span class='ocrx_word' id='word_1_234' title='bbox 565 1966 708 2001; x_wconf 84' lang='lat' dir='ltr'>quorum</span> <span class='ocrx_word' id='word_1_235' title='bbox 719 1953 956 1989; x_wconf 87' lang='lat' dir='ltr'>adiumentoin</span> 
     </span>
     <span class='ocr_line' id='line_1_39' title="bbox 196 2000 956 2052; baseline -0.007 -13"><span class='ocrx_word' id='word_1_236' title='bbox 196 2005 400 2043; x_wconf 84' lang='lat' dir='ltr'>moderanda</span> <span class='ocrx_word' id='word_1_237' title='bbox 415 2009 447 2041; x_wconf 90' lang='lat'><strong>&amp;</strong></span> <span class='ocrx_word' id='word_1_238' title='bbox 460 2003 673 2052; x_wconf 84' lang='lat' dir='ltr'>gubernanda</span> <span class='ocrx_word' id='word_1_239' title='bbox 681 2000 827 2037; x_wconf 76' lang='lat' dir='ltr'>Ecclesia·</span> <span class='ocrx_word' id='word_1_240' title='bbox 835 2002 884 2035; x_wconf 83' lang='lat' dir='ltr'>vti</span> <span class='ocrx_word' id='word_1_241' title='bbox 896 2000 956 2035; x_wconf 86' lang='lat' dir='ltr'>de-</span> 
     </span>
     <span class='ocr_line' id='line_1_40' title="bbox 196 2048 957 2088; baseline -0.007 0"><span class='ocrx_word' id='word_1_242' title='bbox 196 2052 266 2088; x_wconf 86' lang='lat' dir='ltr'>bet.</span> <span class='ocrx_word' id='word_1_243' title='bbox 294 2055 369 2088; x_wconf 90' lang='lat' dir='ltr'>Nec</span> <span class='ocrx_word' id='word_1_244' title='bbox 381 2055 470 2088; x_wconf 84' lang='lat' dir='ltr'>enim</span> <span class='ocrx_word' id='word_1_245' title='bbox 483 2052 576 2087; x_wconf 89' lang='lat' dir='ltr'>iubet</span> <span class='ocrx_word' id='word_1_246' title='bbox 587 2052 702 2086; x_wconf 82' lang='lat' dir='ltr'>Paulus</span> <span class='ocrx_word' id='word_1_247' title='bbox 712 2062 748 2084; x_wconf 90' lang='lat' dir='ltr'>vt</span> <span class='ocrx_word' id='word_1_248' title='bbox 758 2048 906 2086; x_wconf 78' lang='lat' dir='ltr'>alios‚sed</span> <span class='ocrx_word' id='word_1_249' title='bbox 915 2059 957 2083; x_wconf 72' lang='lat' dir='ltr'>vt</span> 
     </span>
     <span class='ocr_line' id='line_1_41' title="bbox 196 2098 955 2149; baseline -0.007 -13"><span class='ocrx_word' id='word_1_250' title='bbox 196 2102 357 2149; x_wconf 79' lang='lat' dir='ltr'>nosipsos</span> <span class='ocrx_word' id='word_1_251' title='bbox 370 2098 726 2144; x_wconf 75' lang='lat' dir='ltr'>examinemus-Officij</span> <span class='ocrx_word' id='word_1_252' title='bbox 739 2099 876 2144; x_wconf 87' lang='lat' dir='ltr'>quidem</span> <span class='ocrx_word' id='word_1_253' title='bbox 891 2110 955 2132; x_wconf 84' lang='lat' dir='ltr'>no-</span> 
     </span>
     <span class='ocr_line' id='line_1_42' title="bbox 197 2146 958 2197; baseline -0.005 -13"><span class='ocrx_word' id='word_1_254' title='bbox 197 2149 254 2184; x_wconf 83' lang='lat' dir='ltr'>stri</span> <span class='ocrx_word' id='word_1_255' title='bbox 266 2150 385 2190; x_wconf 78' lang='lat' dir='ltr'>est‚eos</span> <span class='ocrx_word' id='word_1_256' title='bbox 397 2151 574 2185; x_wconf 81' lang='lat' dir='ltr'>admonere</span> <span class='ocrx_word' id='word_1_257' title='bbox 582 2151 640 2197; x_wconf 83' lang='lat' dir='ltr'>qui</span> <span class='ocrx_word' id='word_1_258' title='bbox 651 2146 846 2196; x_wconf 84' lang='lat' dir='ltr'>flagitiosam</span> <span class='ocrx_word' id='word_1_259' title='bbox 857 2147 958 2183; x_wconf 78' lang='lat' dir='ltr'>vitam</span> 
     </span>
     <span class='ocr_line' id='line_1_43' title="bbox 198 2196 957 2246; baseline -0.005 -13"><span class='ocrx_word' id='word_1_260' title='bbox 198 2198 336 2246; x_wconf 83' lang='lat' dir='ltr'>degunt:</span> <span class='ocrx_word' id='word_1_261' title='bbox 345 2198 422 2238; x_wconf 82' lang='lat' dir='ltr'>ac,s1</span> <span class='ocrx_word' id='word_1_262' title='bbox 435 2211 495 2235; x_wconf 88' lang='lat' dir='ltr'>nos</span> <span class='ocrx_word' id='word_1_263' title='bbox 506 2199 619 2234; x_wconf 83' lang='lat' dir='ltr'>audire</span> <span class='ocrx_word' id='word_1_264' title='bbox 631 2200 752 2236; x_wconf 86' lang='lat' dir='ltr'>nolint,</span> <span class='ocrx_word' id='word_1_265' title='bbox 766 2196 885 2244; x_wconf 79' lang='lat' dir='ltr'>pastori</span> <span class='ocrx_word' id='word_1_266' title='bbox 898 2196 957 2230; x_wconf 86' lang='lat' dir='ltr'>de-</span> 
     </span>
     <span class='ocr_line' id='line_1_44' title="bbox 197 2245 958 2282; baseline -0.001 -1"><span class='ocrx_word' id='word_1_267' title='bbox 197 2249 369 2281; x_wconf 84' lang='lat' dir='ltr'>nuntiare:</span> <span class='ocrx_word' id='word_1_268' title='bbox 388 2258 424 2280; x_wconf 80' lang='lat' dir='ltr'>Vt</span> <span class='ocrx_word' id='word_1_269' title='bbox 437 2260 505 2282; x_wconf 90' lang='lat' dir='ltr'>rem</span> <span class='ocrx_word' id='word_1_270' title='bbox 523 2246 745 2282; x_wconf 87' lang='lat' dir='ltr'>Ecclesiastica</span> <span class='ocrx_word' id='word_1_271' title='bbox 757 2245 958 2280; x_wconf 75' lang='lat' dir='ltr'>authoritate</span> 
     </span>
     <span class='ocr_line' id='line_1_45' title="bbox 197 2294 959 2343; baseline -0.003 -14"><span class='ocrx_word' id='word_1_272' title='bbox 197 2307 342 2343; x_wconf 77' lang='lat' dir='ltr'>peragat.</span> <span class='ocrx_word' id='word_1_273' title='bbox 373 2295 434 2329; x_wconf 86' lang='lat' dir='ltr'>Sed</span> <span class='ocrx_word' id='word_1_274' title='bbox 446 2307 515 2329; x_wconf 90' lang='lat' dir='ltr'>non</span> <span class='ocrx_word' id='word_1_275' title='bbox 525 2307 566 2331; x_wconf 89' lang='lat' dir='ltr'>eo</span> <span class='ocrx_word' id='word_1_276' title='bbox 580 2296 684 2330; x_wconf 88' lang='lat' dir='ltr'>modo</span> <span class='ocrx_word' id='word_1_277' title='bbox 695 2294 854 2330; x_wconf 86' lang='lat' dir='ltr'>debemus</span> <span class='ocrx_word' id='word_1_278' title='bbox 865 2306 926 2328; x_wconf 88' lang='lat' dir='ltr'>nos</span> <span class='ocrx_word' id='word_1_279' title='bbox 941 2294 959 2327; x_wconf 72' lang='grc' dir='ltr'>ὲ</span> 
     </span>
     <span class='ocr_line' id='line_1_46' title="bbox 198 2342 958 2392; baseline -0.005 -13"><span class='ocrx_word' id='word_1_280' title='bbox 198 2342 441 2392; x_wconf 80' lang='lat' dir='ltr'>flagitiosorum</span> <span class='ocrx_word' id='word_1_281' title='bbox 452 2354 540 2378; x_wconf 87' lang='lat' dir='ltr'>coetu</span> <span class='ocrx_word' id='word_1_282' title='bbox 551 2343 742 2382; x_wconf 80' lang='lat' dir='ltr'>subducere,</span> <span class='ocrx_word' id='word_1_283' title='bbox 755 2355 792 2377; x_wconf 79' lang='lat' dir='ltr'>Vt</span> <span class='ocrx_word' id='word_1_284' title='bbox 802 2354 958 2379; x_wconf 85' lang='lat' dir='ltr'>commu-</span> 
     </span>
     <span class='ocr_line' id='line_1_47' title="bbox 199 2388 957 2438; baseline -0.001 -11"><span class='ocrx_word' id='word_1_285' title='bbox 199 2394 338 2427; x_wconf 86' lang='lat' dir='ltr'>nionem</span> <span class='ocrx_word' id='word_1_286' title='bbox 351 2392 500 2426; x_wconf 71' lang='lat' dir='ltr'>Ecclesiae</span> <span class='ocrx_word' id='word_1_287' title='bbox 511 2393 744 2438; x_wconf 77' lang='lat' dir='ltr'>relinquamus,</span> <span class='ocrx_word' id='word_1_288' title='bbox 759 2388 957 2429; x_wconf 81' lang='lat' dir='ltr'>Adhaec‚sae-</span> 
     </span>
     <span class='ocr_line' id='line_1_48' title="bbox 199 2437 958 2489; baseline -0.003 -13"><span class='ocrx_word' id='word_1_289' title='bbox 199 2443 274 2489; x_wconf 87' lang='lat' dir='ltr'>pius</span> <span class='ocrx_word' id='word_1_290' title='bbox 283 2441 409 2476; x_wconf 80' lang='lat' dir='ltr'>accidet</span> <span class='ocrx_word' id='word_1_291' title='bbox 421 2465 430 2479; x_wconf 95' lang='lat'>,</span> <span class='ocrx_word' id='word_1_292' title='bbox 443 2442 578 2475; x_wconf 70' lang='lat' dir='ltr'>criznina</span> <span class='ocrx_word' id='word_1_293' title='bbox 591 2451 660 2475; x_wconf 83' lang='lat' dir='ltr'>non</span> <span class='ocrx_word' id='word_1_294' title='bbox 674 2442 718 2474; x_wconf 85' lang='lat' dir='ltr'>ita</span> <span class='ocrx_word' id='word_1_295' title='bbox 729 2438 897 2474; x_wconf 79' lang='lat' dir='ltr'>manifesta</span> <span class='ocrx_word' id='word_1_296' title='bbox 908 2437 958 2474; x_wconf 77' lang='lat' dir='ltr'>es-</span> 
     </span>
     <span class='ocr_line' id='line_1_49' title="bbox 199 2487 958 2535; baseline -0.004 -10"><span class='ocrx_word' id='word_1_297' title='bbox 199 2489 244 2531; x_wconf 75' lang='lat' dir='ltr'>se,</span> <span class='ocrx_word' id='word_1_298' title='bbox 255 2502 291 2524; x_wconf 77' lang='lat' dir='ltr'>vt</span> <span class='ocrx_word' id='word_1_299' title='bbox 300 2490 339 2524; x_wconf 79' lang='lat' dir='ltr'>ad</span> <span class='ocrx_word' id='word_1_300' title='bbox 350 2491 732 2524; x_wconf 80' lang='lat' dir='ltr'>excommunicationem</span> <span class='ocrx_word' id='word_1_301' title='bbox 746 2487 904 2535; x_wconf 85' lang='lat' dir='ltr'>progredi</span> <span class='ocrx_word' id='word_1_302' title='bbox 914 2487 958 2522; x_wconf 63' lang='lat' dir='ltr'>li,-</span> 
     </span>
     <span class='ocr_line' id='line_1_50' title="bbox 200 2534 958 2586; baseline -0.007 -12"><span class='ocrx_word' id='word_1_303' title='bbox 200 2550 284 2574; x_wconf 84' lang='lat' dir='ltr'>ceat.</span> <span class='ocrx_word' id='word_1_304' title='bbox 327 2539 491 2583; x_wconf 78' lang='lat' dir='ltr'>Quamuis</span> <span class='ocrx_word' id='word_1_305' title='bbox 505 2539 593 2573; x_wconf 87' lang='lat' dir='ltr'>enim</span> <span class='ocrx_word' id='word_1_306' title='bbox 605 2537 758 2586; x_wconf 82' lang='lat' dir='ltr'>pastorin</span> <span class='ocrx_word' id='word_1_307' title='bbox 777 2534 958 2583; x_wconf 24' lang='lat' dir='ltr'>animolsuo</span> 
     </span>
     <span class='ocr_line' id='line_1_51' title="bbox 201 2585 960 2636; baseline -0.003 -13"><span class='ocrx_word' id='word_1_308' title='bbox 201 2588 381 2636; x_wconf 84' lang='lat' dir='ltr'>indignum</span> <span class='ocrx_word' id='word_1_309' title='bbox 393 2588 539 2635; x_wconf 75' lang='lat' dir='ltr'>aliquem</span> <span class='ocrx_word' id='word_1_310' title='bbox 551 2585 611 2622; x_wconf 81' lang='lat' dir='ltr'>effe</span> <span class='ocrx_word' id='word_1_311' title='bbox 622 2587 756 2621; x_wconf 72' lang='lat' dir='ltr'>iudicetx</span> <span class='ocrx_word' id='word_1_312' title='bbox 768 2596 875 2619; x_wconf 84' lang='lat' dir='ltr'>tamen</span> <span class='ocrx_word' id='word_1_313' title='bbox 886 2596 960 2621; x_wconf 79' lang='lat' dir='ltr'>eum</span> 
     </span>
     <span class='ocr_line' id='line_1_52' title="bbox 198 2632 959 2684; baseline -0.003 -13"><span class='ocrx_word' id='word_1_314' title='bbox 198 2638 558 2684; x_wconf 18' lang='lat' dir='ltr'>›talemsspronuntiarev3</span> <span class='ocrx_word' id='word_1_315' title='bbox 573 2647 628 2670; x_wconf 88' lang='lat' dir='ltr'>aut</span> <span class='ocrx_word' id='word_1_316' title='bbox 642 2637 658 2670; x_wconf 72' lang='lat' dir='ltr'>a</span> <span class='ocrx_word' id='word_1_317' title='bbox 669 2636 777 2669; x_wconf 87' lang='lat' dir='ltr'>Coena</span> <span class='ocrx_word' id='word_1_318' title='bbox 796 2632 959 2680; x_wconf 47' lang='lat' dir='ltr'>prohibes</span> 
     </span>
     <span class='ocr_line' id='line_1_53' title="bbox 202 2681 959 2732; baseline -0.004 -12"><span class='ocrx_word' id='word_1_319' title='bbox 202 2698 237 2720; x_wconf 88' lang='lat' dir='ltr'>re</span> <span class='ocrx_word' id='word_1_320' title='bbox 248 2698 317 2720; x_wconf 88' lang='lat' dir='ltr'>non</span> <span class='ocrx_word' id='word_1_321' title='bbox 329 2684 455 2732; x_wconf 87' lang='lat' dir='ltr'>potest,</span> <span class='ocrx_word' id='word_1_322' title='bbox 469 2683 528 2720; x_wconf 86' lang='lat' dir='ltr'>nisi</span> <span class='ocrx_word' id='word_1_323' title='bbox 540 2683 850 2719; x_wconf 64' lang='lat' dir='ltr'>eum&#39;Ecclefiastico</span> <span class='ocrx_word' id='word_1_324' title='bbox 869 2681 959 2717; x_wconf 78' lang='lat' dir='ltr'>iudi—</span> 
     </span>
    </p>
   </div>
   <div class='ocr_carea' id='block_1_3' title="bbox 199 2731 983 2779">
    <p class='ocr_par' dir='ltr' id='par_1_3' title="bbox 199 2731 983 2779">
     <span class='ocr_line' id='line_1_54' title="bbox 199 2731 983 2779; baseline -0.003 -11"><span class='ocrx_word' id='word_1_325' title='bbox 199 2735 258 2768; x_wconf 77' lang='lat' dir='ltr'>cio</span> <span class='ocrx_word' id='word_1_326' title='bbox 268 2735 464 2769; x_wconf 86' lang='lat' dir='ltr'>conuicerit.</span> <span class='ocrx_word' id='word_1_327' title='bbox 483 2734 589 2775; x_wconf 77' lang='lat' dir='ltr'>Quod</span> <span class='ocrx_word' id='word_1_328' title='bbox 601 2733 675 2768; x_wconf 70' lang='lat' dir='ltr'>curn</span> <span class='ocrx_word' id='word_1_329' title='bbox 686 2732 804 2779; x_wconf 82' lang='lat' dir='ltr'>accidit</span> <span class='ocrx_word' id='word_1_330' title='bbox 815 2754 825 2770; x_wconf 81' lang='lat'><em>‚</em></span> <span class='ocrx_word' id='word_1_331' title='bbox 835 2731 960 2766; x_wconf 88' lang='lat' dir='ltr'>nullum</span> <span class='ocrx_word' id='word_1_332' title='bbox 977 2756 983 2762; x_wconf 87' lang='lat'><em>-</em></span> 
     </span>
    </p>
   </div>
   <div class='ocr_carea' id='block_1_4' title="bbox 196 2779 964 3270">
    <p class='ocr_par' dir='ltr' id='par_1_4' title="bbox 196 2779 964 3270">
     <span class='ocr_line' id='line_1_55' title="bbox 202 2779 960 2830; baseline -0.003 -14"><span class='ocrx_word' id='word_1_333' title='bbox 202 2783 292 2818; x_wconf 88' lang='lat' dir='ltr'>aliud</span> <span class='ocrx_word' id='word_1_334' title='bbox 310 2782 451 2830; x_wconf 86' lang='lat' dir='ltr'>superest</span> <span class='ocrx_word' id='word_1_335' title='bbox 471 2782 571 2817; x_wconf 82' lang='lat' dir='ltr'>nobis</span> <span class='ocrx_word' id='word_1_336' title='bbox 585 2781 788 2819; x_wconf 88' lang='lat' dir='ltr'>remedium,</span> <span class='ocrx_word' id='word_1_337' title='bbox 807 2779 907 2828; x_wconf 72' lang='lat' dir='ltr'>quam</span> <span class='ocrx_word' id='word_1_338' title='bbox 924 2785 960 2815; x_wconf 74' lang='lat' dir='ltr'>vt</span> 
     </span>
     <span class='ocr_line' id='line_1_56' title="bbox 202 2827 959 2880; baseline -0.005 -14"><span class='ocrx_word' id='word_1_339' title='bbox 202 2833 318 2866; x_wconf 87' lang='lat' dir='ltr'>Deum</span> <span class='ocrx_word' id='word_1_340' title='bbox 331 2844 367 2865; x_wconf 90' lang='lat' dir='ltr'>ro</span> <span class='ocrx_word' id='word_1_341' title='bbox 373 2833 487 2880; x_wconf 66' lang='lat' dir='ltr'>gemua</span> <span class='ocrx_word' id='word_1_342' title='bbox 500 2842 536 2865; x_wconf 91' lang='lat' dir='ltr'>vt</span> <span class='ocrx_word' id='word_1_343' title='bbox 546 2830 587 2865; x_wconf 86' lang='lat' dir='ltr'>ab</span> <span class='ocrx_word' id='word_1_344' title='bbox 598 2830 753 2865; x_wconf 87' lang='lat' dir='ltr'>omnibus</span> <span class='ocrx_word' id='word_1_345' title='bbox 764 2827 959 2863; x_wconf 76' lang='lat' dir='ltr'>offensioni.-</span> 
     </span>
     <span class='ocr_line' id='line_1_57' title="bbox 203 2877 958 2915; baseline -0.004 -1"><span class='ocrx_word' id='word_1_346' title='bbox 203 2879 266 2914; x_wconf 87' lang='lat' dir='ltr'>bus</span> <span class='ocrx_word' id='word_1_347' title='bbox 278 2880 455 2915; x_wconf 83' lang='lat' dir='ltr'>Ecclesiam</span> <span class='ocrx_word' id='word_1_348' title='bbox 469 2878 555 2914; x_wconf 82' lang='lat' dir='ltr'>suam</span> <span class='ocrx_word' id='word_1_349' title='bbox 575 2880 712 2914; x_wconf 88' lang='lat' dir='ltr'>liberet:</span> <span class='ocrx_word' id='word_1_350' title='bbox 733 2879 866 2913; x_wconf 81' lang='lat' dir='ltr'>interim</span> <span class='ocrx_word' id='word_1_351' title='bbox 879 2877 958 2915; x_wconf 80' lang='lat' dir='ltr'>dum</span> 
     </span>
     <span class='ocr_line' id='line_1_58' title="bbox 204 2925 959 2976; baseline -0.004 -13"><span class='ocrx_word' id='word_1_352' title='bbox 204 2930 413 2976; x_wconf 65' lang='lat' dir='ltr'>expeChamus</span> <span class='ocrx_word' id='word_1_353' title='bbox 426 2928 609 2974; x_wconf 75' lang='lat' dir='ltr'>supremum</span> <span class='ocrx_word' id='word_1_354' title='bbox 619 2926 724 2966; x_wconf 77' lang='lat' dir='ltr'>diem,</span> <span class='ocrx_word' id='word_1_355' title='bbox 734 2940 802 2975; x_wconf 89' lang='lat' dir='ltr'>quo</span> <span class='ocrx_word' id='word_1_356' title='bbox 813 2927 910 2973; x_wconf 86' lang='lat' dir='ltr'>palcae</span> <span class='ocrx_word' id='word_1_357' title='bbox 919 2925 959 2961; x_wconf 91' lang='lat' dir='ltr'>ab</span> 
     </span>
     <span class='ocr_line' id='line_1_59' title="bbox 196 2975 959 3025; baseline -0.001 -13"><span class='ocrx_word' id='word_1_358' title='bbox 196 2979 340 3024; x_wconf 38' lang='lat' dir='ltr'>*optimo</span> <span class='ocrx_word' id='word_1_359' title='bbox 350 2989 453 3025; x_wconf 86' lang='lat' dir='ltr'>grano</span> <span class='ocrx_word' id='word_1_360' title='bbox 464 2976 708 3023; x_wconf 79' lang='lat' dir='ltr'>separabuntur·</span> <span class='ocrx_word' id='word_1_361' title='bbox 720 2976 829 3020; x_wconf 86' lang='lat' dir='ltr'>Tertij</span> <span class='ocrx_word' id='word_1_362' title='bbox 839 2975 959 3011; x_wconf 83' lang='lat' dir='ltr'>nullam</span> 
     </span>
     <span class='ocr_line' id='line_1_60' title="bbox 205 3022 959 3072; baseline -0.003 -12"><span class='ocrx_word' id='word_1_363' title='bbox 205 3029 351 3061; x_wconf 87' lang='lat' dir='ltr'>omnino</span> <span class='ocrx_word' id='word_1_364' title='bbox 364 3025 656 3060; x_wconf 79' lang='lat' dir='ltr'>verisimilitudinis</span> <span class='ocrx_word' id='word_1_365' title='bbox 666 3025 805 3072; x_wconf 84' lang='lat' dir='ltr'>speciem</span> <span class='ocrx_word' id='word_1_366' title='bbox 827 3022 959 3059; x_wconf 76' lang='lat' dir='ltr'>habem-</span> 
     </span>
     <span class='ocr_line' id='line_1_61' title="bbox 205 3072 961 3122; baseline -0.004 -12"><span class='ocrx_word' id='word_1_367' title='bbox 205 3077 281 3110; x_wconf 88' lang='lat' dir='ltr'>Nec</span> <span class='ocrx_word' id='word_1_368' title='bbox 301 3076 390 3109; x_wconf 87' lang='lat' dir='ltr'>enirn</span> <span class='ocrx_word' id='word_1_369' title='bbox 401 3076 492 3122; x_wconf 79' lang='lat' dir='ltr'>panis</span> <span class='ocrx_word' id='word_1_370' title='bbox 502 3074 554 3109; x_wconf 87' lang='lat' dir='ltr'>hic</span> <span class='ocrx_word' id='word_1_371' title='bbox 567 3073 740 3122; x_wconf 82' lang='lat' dir='ltr'>spiritualis</span> <span class='ocrx_word' id='word_1_372' title='bbox 761 3073 859 3108; x_wconf 84' lang='lat' dir='ltr'>nobis</span> <span class='ocrx_word' id='word_1_373' title='bbox 869 3072 961 3107; x_wconf 77' lang='lat' dir='ltr'>datus</span> 
     </span>
     <span class='ocr_line' id='line_1_62' title="bbox 207 3122 963 3169; baseline -0.004 -10"><span class='ocrx_word' id='word_1_374' title='bbox 207 3124 254 3159; x_wconf 85' lang='lat' dir='ltr'>est</span> <span class='ocrx_word' id='word_1_375' title='bbox 275 3134 309 3158; x_wconf 90' lang='lat' dir='ltr'>vt</span> <span class='ocrx_word' id='word_1_376' title='bbox 328 3124 436 3159; x_wconf 84' lang='lat' dir='ltr'>statim</span> <span class='ocrx_word' id='word_1_377' title='bbox 449 3136 489 3157; x_wconf 85' lang='lat' dir='ltr'>co</span> <span class='ocrx_word' id='word_1_378' title='bbox 502 3124 678 3158; x_wconf 82' lang='lat' dir='ltr'>saturemur</span> <span class='ocrx_word' id='word_1_379' title='bbox 697 3146 709 3162; x_wconf 84' lang='lat'><strong>‚</strong></span> <span class='ocrx_word' id='word_1_380' title='bbox 727 3122 780 3157; x_wconf 91' lang='lat' dir='ltr'>sed</span> <span class='ocrx_word' id='word_1_381' title='bbox 798 3123 910 3169; x_wconf 88' lang='lat' dir='ltr'>potius</span> <span class='ocrx_word' id='word_1_382' title='bbox 928 3133 963 3156; x_wconf 87' lang='lat' dir='ltr'>vt</span> 
     </span>
     <span class='ocr_line' id='line_1_63' title="bbox 208 3170 964 3221; baseline -0.005 -14"><span class='ocrx_word' id='word_1_383' title='bbox 208 3173 393 3208; x_wconf 83' lang='lat' dir='ltr'>dulcedinis</span> <span class='ocrx_word' id='word_1_384' title='bbox 412 3171 511 3219; x_wconf 84' lang='lat' dir='ltr'>ipsius</span> <span class='ocrx_word' id='word_1_385' title='bbox 529 3172 660 3221; x_wconf 86' lang='lat' dir='ltr'>gustum</span> <span class='ocrx_word' id='word_1_386' title='bbox 682 3171 838 3206; x_wconf 84' lang='lat' dir='ltr'>habentes</span> <span class='ocrx_word' id='word_1_387' title='bbox 859 3170 964 3218; x_wconf 76' lang='lat' dir='ltr'>magis</span> 
     </span>
     <span class='ocr_line' id='line_1_64' title="bbox 209 3218 963 3270; baseline -0.003 -15"><span class='ocrx_word' id='word_1_388' title='bbox 209 3232 400 3270; x_wconf 78' lang='lat' dir='ltr'>appetamus</span> <span class='ocrx_word' id='word_1_389' title='bbox 413 3245 423 3260; x_wconf 83' lang='lat'><em>‚</em></span> <span class='ocrx_word' id='word_1_390' title='bbox 441 3219 550 3269; x_wconf 65' lang='lat' dir='ltr'>eoque,</span> <span class='ocrx_word' id='word_1_391' title='bbox 560 3231 696 3265; x_wconf 51' lang='lat' dir='ltr'>Vtamur,</span> <span class='ocrx_word' id='word_1_392' title='bbox 711 3221 846 3269; x_wconf 87' lang='lat' dir='ltr'>quoties</span> <span class='ocrx_word' id='word_1_393' title='bbox 865 3218 963 3254; x_wconf 84' lang='lat' dir='ltr'>nobis</span> 
     </span>
    </p>
   </div>
   <div class='ocr_carea' id='block_1_5' title="bbox 1001 187 1780 2828">
    <p class='ocr_par' dir='ltr' id='par_1_5' title="bbox 1005 187 1770 422">
     <span class='ocr_line' id='line_1_65' title="bbox 1010 187 1769 239; baseline 0.001 -14"><span class='ocrx_word' id='word_1_394' title='bbox 1010 190 1176 226; x_wconf 81' lang='lat' dir='ltr'>offeretur.</span> <span class='ocrx_word' id='word_1_395' title='bbox 1189 190 1271 235; x_wconf 51' lang='lat' dir='ltr'>Hoc¹</span> <span class='ocrx_word' id='word_1_396' title='bbox 1279 189 1325 224; x_wconf 88' lang='lat' dir='ltr'>est</span> <span class='ocrx_word' id='word_1_397' title='bbox 1336 187 1462 232; x_wconf 84' lang='lat' dir='ltr'>scilicet</span> <span class='ocrx_word' id='word_1_398' title='bbox 1473 190 1564 239; x_wconf 85' lang='lat' dir='ltr'>quod</span> <span class='ocrx_word' id='word_1_399' title='bbox 1576 191 1652 226; x_wconf 68' lang='lat' dir='ltr'>ante</span> <span class='ocrx_word' id='word_1_400' title='bbox 1664 204 1769 239; x_wconf 73' lang='lat' dir='ltr'>expo-</span> 
     </span>
     <span class='ocr_line' id='line_1_66' title="bbox 1008 238 1770 287; baseline 0 -13"><span class='ocrx_word' id='word_1_401' title='bbox 1008 241 1146 274; x_wconf 85' lang='lat' dir='ltr'>suimus:</span> <span class='ocrx_word' id='word_1_402' title='bbox 1160 238 1449 286; x_wconf 52' lang='lat' dir='ltr'>lesumfihffflum</span> <span class='ocrx_word' id='word_1_403' title='bbox 1463 263 1473 279; x_wconf 89' lang='lat'>‚</span> <span class='ocrx_word' id='word_1_404' title='bbox 1487 240 1646 287; x_wconf 81' lang='lat' dir='ltr'>quamdiu</span> <span class='ocrx_word' id='word_1_405' title='bbox 1661 239 1770 275; x_wconf 86' lang='lat' dir='ltr'>versa-</span> 
     </span>
     <span class='ocr_line' id='line_1_67' title="bbox 1007 288 1769 336; baseline 0.001 -14"><span class='ocrx_word' id='word_1_406' title='bbox 1007 302 1079 322; x_wconf 88' lang='lat' dir='ltr'>mur</span> <span class='ocrx_word' id='word_1_407' title='bbox 1089 290 1122 323; x_wconf 89' lang='lat' dir='ltr'>in</span> <span class='ocrx_word' id='word_1_408' title='bbox 1137 290 1195 323; x_wconf 78' lang='lat' dir='ltr'>hac</span> <span class='ocrx_word' id='word_1_409' title='bbox 1206 290 1338 322; x_wconf 86' lang='lat' dir='ltr'>mortali</span> <span class='ocrx_word' id='word_1_410' title='bbox 1352 288 1602 336; x_wconf 78' lang='lat' dir='ltr'>vita,nunquam</span> <span class='ocrx_word' id='word_1_411' title='bbox 1614 289 1711 323; x_wconf 82' lang='lat' dir='ltr'>nobis</span> <span class='ocrx_word' id='word_1_412' title='bbox 1725 290 1769 324; x_wconf 85' lang='lat' dir='ltr'>ita</span> 
     </span>
     <span class='ocr_line' id='line_1_68' title="bbox 1007 335 1767 386; baseline 0.001 -14"><span class='ocrx_word' id='word_1_413' title='bbox 1007 337 1244 372; x_wconf 79' lang='lat' dir='ltr'>communicari</span> <span class='ocrx_word' id='word_1_414' title='bbox 1257 348 1342 370; x_wconf 85' lang='lat' dir='ltr'>vteo</span> <span class='ocrx_word' id='word_1_415' title='bbox 1352 335 1508 372; x_wconf 68' lang='lat' dir='ltr'>satientur</span> <span class='ocrx_word' id='word_1_416' title='bbox 1521 339 1636 384; x_wconf 64' lang='lat' dir='ltr'>anima:</span> <span class='ocrx_word' id='word_1_417' title='bbox 1648 339 1767 386; x_wconf 55' lang='lat' dir='ltr'>nostres</span> 
     </span>
     <span class='ocr_line' id='line_1_69' title="bbox 1005 382 1629 422; baseline 0 -2"><span class='ocrx_word' id='word_1_418' title='bbox 1005 382 1059 421; x_wconf 85' lang='lat' dir='ltr'>sed</span> <span class='ocrx_word' id='word_1_419' title='bbox 1074 397 1109 420; x_wconf 89' lang='lat' dir='ltr'>vt</span> <span class='ocrx_word' id='word_1_420' title='bbox 1120 385 1279 421; x_wconf 74' lang='lat' dir='ltr'>affiduum</span> <span class='ocrx_word' id='word_1_421' title='bbox 1295 387 1357 420; x_wconf 90' lang='lat' dir='ltr'>illis</span> <span class='ocrx_word' id='word_1_422' title='bbox 1369 386 1565 422; x_wconf 78' lang='lat' dir='ltr'>alimentum</span> <span class='ocrx_word' id='word_1_423' title='bbox 1580 385 1629 420; x_wconf 80' lang='lat' dir='ltr'>sit.</span> 
     </span>
    </p>

    <p class='ocr_par' dir='ltr' id='par_1_6' title="bbox 1002 435 1780 1158">
     <span class='ocr_line' id='line_1_70' title="bbox 1058 435 1768 481; baseline 0.006 -15"><span class='ocrx_word' id='word_1_424' title='bbox 1058 437 1106 470; x_wconf 88' lang='lat' dir='ltr'>Vt</span> <span class='ocrx_word' id='word_1_425' title='bbox 1126 436 1166 470; x_wconf 82' lang='lat' dir='ltr'>ad</span> <span class='ocrx_word' id='word_1_426' title='bbox 1183 445 1333 481; x_wconf 84' lang='lat' dir='ltr'>quartum</span> <span class='ocrx_word' id='word_1_427' title='bbox 1354 445 1450 481; x_wconf 88' lang='lat' dir='ltr'>caput</span> <span class='ocrx_word' id='word_1_428' title='bbox 1469 436 1652 470; x_wconf 79' lang='lat' dir='ltr'>veniamus.</span> <span class='ocrx_word' id='word_1_429' title='bbox 1676 435 1768 470; x_wconf 76' lang='lat' dir='ltr'>Cum</span> 
     </span>
     <span class='ocr_line' id='line_1_71' title="bbox 1005 481 1780 527; baseline 0.003 -11"><span class='ocrx_word' id='word_1_430' title='bbox 1005 482 1157 518; x_wconf 83' lang='lat' dir='ltr'>diabolus</span> <span class='ocrx_word' id='word_1_431' title='bbox 1178 481 1262 516; x_wconf 86' lang='lat' dir='ltr'>nihil</span> <span class='ocrx_word' id='word_1_432' title='bbox 1273 481 1337 516; x_wconf 87' lang='lat' dir='ltr'>hoc</span> <span class='ocrx_word' id='word_1_433' title='bbox 1351 484 1561 527; x_wconf 75' lang='lat' dir='ltr'>Sacramento</span> <span class='ocrx_word' id='word_1_434' title='bbox 1573 485 1685 520; x_wconf 87' lang='lat' dir='ltr'>vtilius</span> <span class='ocrx_word' id='word_1_435' title='bbox 1698 485 1780 526; x_wconf 62' lang='lat' dir='ltr'>Ec-⁴</span> 
     </span>
     <span class='ocr_line' id='line_1_72' title="bbox 1005 527 1766 580; baseline 0.001 -15"><span class='ocrx_word' id='word_1_436' title='bbox 1005 532 1105 566; x_wconf 83' lang='lat' dir='ltr'>clesiae</span> <span class='ocrx_word' id='word_1_437' title='bbox 1123 532 1140 567; x_wconf 72' lang='grc' dir='ltr'>ὲ</span> <span class='ocrx_word' id='word_1_438' title='bbox 1158 533 1311 566; x_wconf 84' lang='lat' dir='ltr'>Domino</span> <span class='ocrx_word' id='word_1_439' title='bbox 1321 532 1472 566; x_wconf 61' lang='lat' dir='ltr'>relietum</span> <span class='ocrx_word' id='word_1_440' title='bbox 1487 533 1548 567; x_wconf 81' lang='lat' dir='ltr'>effe</span> <span class='ocrx_word' id='word_1_441' title='bbox 1560 527 1766 580; x_wconf 69' lang='lat' dir='ltr'>perspiceret:</span> 
     </span>
     <span class='ocr_line' id='line_1_73' title="bbox 1004 579 1766 629; baseline 0.003 -16"><span class='ocrx_word' id='word_1_442' title='bbox 1004 579 1102 614; x_wconf 87' lang='lat' dir='ltr'>solito</span> <span class='ocrx_word' id='word_1_443' title='bbox 1125 580 1181 615; x_wconf 91' lang='lat' dir='ltr'>suo</span> <span class='ocrx_word' id='word_1_444' title='bbox 1201 592 1294 614; x_wconf 87' lang='lat' dir='ltr'>more</span> <span class='ocrx_word' id='word_1_445' title='bbox 1312 579 1418 613; x_wconf 79' lang='lat' dir='ltr'>statim</span> <span class='ocrx_word' id='word_1_446' title='bbox 1431 579 1470 614; x_wconf 71' lang='lat' dir='ltr'>nb</span> <span class='ocrx_word' id='word_1_447' title='bbox 1485 583 1584 618; x_wconf 89' lang='lat' dir='ltr'>initio</span> <span class='ocrx_word' id='word_1_448' title='bbox 1598 580 1700 629; x_wconf 82' lang='lat' dir='ltr'>ipsum</span> <span class='ocrx_word' id='word_1_449' title='bbox 1712 594 1766 616; x_wconf 88' lang='lat' dir='ltr'>er-</span> 
     </span>
     <span class='ocr_line' id='line_1_74' title="bbox 1003 625 1762 674; baseline 0.003 -12"><span class='ocrx_word' id='word_1_450' title='bbox 1003 628 1134 663; x_wconf 88' lang='lat' dir='ltr'>roribus</span> <span class='ocrx_word' id='word_1_451' title='bbox 1147 630 1244 663; x_wconf 79' lang='lat' dir='ltr'>variis</span> <span class='ocrx_word' id='word_1_452' title='bbox 1255 633 1287 664; x_wconf 84' lang='lat'>&amp;</span> <span class='ocrx_word' id='word_1_453' title='bbox 1297 625 1583 674; x_wconf 82' lang='lat' dir='ltr'>superstitionibus</span> <span class='ocrx_word' id='word_1_454' title='bbox 1594 633 1762 664; x_wconf 79' lang='lat' dir='ltr'>contami-</span> 
     </span>
     <span class='ocr_line' id='line_1_75' title="bbox 1003 675 1765 725; baseline -0.007 -14"><span class='ocrx_word' id='word_1_455' title='bbox 1003 690 1081 722; x_wconf 82' lang='lat' dir='ltr'>nare</span> <span class='ocrx_word' id='word_1_456' title='bbox 1091 677 1176 712; x_wconf 86' lang='lat' dir='ltr'>nisus</span> <span class='ocrx_word' id='word_1_457' title='bbox 1188 677 1246 716; x_wconf 83' lang='lat' dir='ltr'>est,</span> <span class='ocrx_word' id='word_1_458' title='bbox 1258 689 1293 712; x_wconf 80' lang='lat' dir='ltr'>Vt</span> <span class='ocrx_word' id='word_1_459' title='bbox 1304 675 1447 711; x_wconf 56' lang='lat' dir='ltr'>fruetum</span> <span class='ocrx_word' id='word_1_460' title='bbox 1462 678 1557 724; x_wconf 81' lang='lat' dir='ltr'>ipsius</span> <span class='ocrx_word' id='word_1_461' title='bbox 1571 692 1765 725; x_wconf 85' lang='lat' dir='ltr'>corrumpe..</span> 
     </span>
     <span class='ocr_line' id='line_1_76' title="bbox 1003 726 1766 774; baseline 0.001 -14"><span class='ocrx_word' id='word_1_462' title='bbox 1003 738 1052 760; x_wconf 91' lang='lat' dir='ltr'>ret</span> <span class='ocrx_word' id='word_1_463' title='bbox 1062 739 1097 761; x_wconf 89' lang='lat' dir='ltr'>ac</span> <span class='ocrx_word' id='word_1_464' title='bbox 1109 727 1307 762; x_wconf 86' lang='lat' dir='ltr'>destrueret:</span> <span class='ocrx_word' id='word_1_465' title='bbox 1322 738 1383 760; x_wconf 87' lang='lat' dir='ltr'>nec</span> <span class='ocrx_word' id='word_1_466' title='bbox 1396 738 1543 772; x_wconf 82' lang='lat' dir='ltr'>coeptum</span> <span class='ocrx_word' id='word_1_467' title='bbox 1556 726 1645 762; x_wconf 85' lang='lat' dir='ltr'>suum</span> <span class='ocrx_word' id='word_1_468' title='bbox 1657 726 1766 774; x_wconf 80' lang='lat' dir='ltr'>perse-</span> 
     </span>
     <span class='ocr_line' id='line_1_77' title="bbox 1003 775 1764 822; baseline 0.003 -14"><span class='ocrx_word' id='word_1_469' title='bbox 1003 775 1061 822; x_wconf 88' lang='lat' dir='ltr'>qui</span> <span class='ocrx_word' id='word_1_470' title='bbox 1079 776 1195 814; x_wconf 76' lang='lat' dir='ltr'>desiit,</span> <span class='ocrx_word' id='word_1_471' title='bbox 1214 775 1323 822; x_wconf 87' lang='lat' dir='ltr'>quoad</span> <span class='ocrx_word' id='word_1_472' title='bbox 1337 776 1764 811; x_wconf 83' lang='lat' dir='ltr'>inuertcritinstitutionem</span> 
     </span>
     <span class='ocr_line' id='line_1_78' title="bbox 1002 823 1765 872; baseline 0.003 -15"><span class='ocrx_word' id='word_1_473' title='bbox 1002 825 1167 863; x_wconf 85' lang='lat' dir='ltr'>Domini,</span> <span class='ocrx_word' id='word_1_474' title='bbox 1188 829 1220 860; x_wconf 77' lang='grc' dir='ltr'>δι</span> <span class='ocrx_word' id='word_1_475' title='bbox 1239 824 1276 859; x_wconf 79' lang='lat' dir='ltr'>in</span> <span class='ocrx_word' id='word_1_476' title='bbox 1292 823 1498 857; x_wconf 84' lang='lat' dir='ltr'>mendacium</span> <span class='ocrx_word' id='word_1_477' title='bbox 1521 827 1765 872; x_wconf 75' lang='lat' dir='ltr'>vanitatemque</span> 
     </span>
     <span class='ocr_line' id='line_1_79' title="bbox 1004 871 1774 922; baseline 0.003 -16"><span class='ocrx_word' id='word_1_478' title='bbox 1004 874 1194 908; x_wconf 83' lang='lat' dir='ltr'>c6uerterit.</span> <span class='ocrx_word' id='word_1_479' title='bbox 1206 874 1290 908; x_wconf 84' lang='lat' dir='ltr'>Non</span> <span class='ocrx_word' id='word_1_480' title='bbox 1303 871 1347 906; x_wconf 83' lang='lat' dir='ltr'>cst</span> <span class='ocrx_word' id='word_1_481' title='bbox 1358 872 1418 905; x_wconf 81' lang='lat' dir='ltr'>mei</span> <span class='ocrx_word' id='word_1_482' title='bbox 1430 872 1583 911; x_wconf 81' lang='lat' dir='ltr'>instituti,</span> <span class='ocrx_word' id='word_1_483' title='bbox 1598 872 1774 922; x_wconf 72' lang='lat' dir='ltr'>designare</span> 
     </span>
     <span class='ocr_line' id='line_1_80' title="bbox 1002 921 1765 968; baseline -0.004 -13"><span class='ocrx_word' id='word_1_484' title='bbox 1002 933 1072 968; x_wconf 87' lang='lat' dir='ltr'>quo</span> <span class='ocrx_word' id='word_1_485' title='bbox 1092 933 1243 968; x_wconf 87' lang='lat' dir='ltr'>tempore</span> <span class='ocrx_word' id='word_1_486' title='bbox 1255 921 1431 967; x_wconf 79' lang='lat' dir='ltr'>impostura</span> <span class='ocrx_word' id='word_1_487' title='bbox 1443 932 1578 968; x_wconf 82' lang='lat' dir='ltr'>quaequc</span> <span class='ocrx_word' id='word_1_488' title='bbox 1589 926 1619 957; x_wconf 72' lang='grc' dir='ltr'>δι</span> <span class='ocrx_word' id='word_1_489' title='bbox 1632 935 1721 956; x_wconf 87' lang='lat' dir='ltr'>error</span> <span class='ocrx_word' id='word_1_490' title='bbox 1732 924 1765 956; x_wconf 74' lang='lat' dir='ltr'>i-</span> 
     </span>
     <span class='ocr_line' id='line_1_81' title="bbox 1002 967 1774 1018; baseline 0.003 -14"><span class='ocrx_word' id='word_1_491' title='bbox 1002 971 1122 1005; x_wconf 88' lang='lat' dir='ltr'>nitium</span> <span class='ocrx_word' id='word_1_492' title='bbox 1134 970 1283 1018; x_wconf 64' lang='lat' dir='ltr'>coeperit,</span> <span class='ocrx_word' id='word_1_493' title='bbox 1297 968 1385 1003; x_wconf 86' lang='lat' dir='ltr'>Mihi</span> <span class='ocrx_word' id='word_1_494' title='bbox 1395 967 1530 1005; x_wconf 82' lang='lat' dir='ltr'>sufficiet</span> <span class='ocrx_word' id='word_1_495' title='bbox 1544 993 1552 1008; x_wconf 82' lang='lat'>‚</span> <span class='ocrx_word' id='word_1_496' title='bbox 1565 971 1774 1012; x_wconf 74' lang='lat' dir='ltr'>articulatim,</span> 
     </span>
     <span class='ocr_line' id='line_1_82' title="bbox 1003 1018 1763 1066; baseline 0.001 -13"><span class='ocrx_word' id='word_1_497' title='bbox 1003 1031 1128 1053; x_wconf 86' lang='lat' dir='ltr'>errores</span> <span class='ocrx_word' id='word_1_498' title='bbox 1138 1030 1252 1054; x_wconf 89' lang='lat' dir='ltr'>notare</span> <span class='ocrx_word' id='word_1_499' title='bbox 1264 1021 1281 1054; x_wconf 76' lang='lat' dir='ltr'>a</span> <span class='ocrx_word' id='word_1_500' title='bbox 1293 1018 1430 1052; x_wconf 84' lang='lat' dir='ltr'>diabolo</span> <span class='ocrx_word' id='word_1_501' title='bbox 1443 1020 1694 1066; x_wconf 67' lang='lat' dir='ltr'>inuectoszquos</span> <span class='ocrx_word' id='word_1_502' title='bbox 1708 1032 1763 1058; x_wconf 49' lang='lat' dir='ltr'>cae</span> 
     </span>
     <span class='ocr_line' id='line_1_83' title="bbox 1002 1066 1773 1116; baseline 0.003 -14"><span class='ocrx_word' id='word_1_503' title='bbox 1002 1067 1208 1102; x_wconf 77' lang='lat' dir='ltr'>uerenecesse</span> <span class='ocrx_word' id='word_1_504' title='bbox 1218 1067 1275 1106; x_wconf 86' lang='lat' dir='ltr'>est,</span> <span class='ocrx_word' id='word_1_505' title='bbox 1288 1066 1310 1100; x_wconf 90' lang='lat' dir='ltr'>si</span> <span class='ocrx_word' id='word_1_506' title='bbox 1320 1069 1480 1114; x_wconf 82' lang='lat' dir='ltr'>integram</span> <span class='ocrx_word' id='word_1_507' title='bbox 1492 1071 1523 1103; x_wconf 63' lang='grc' dir='ltr'>ἃ</span> <span class='ocrx_word' id='word_1_508' title='bbox 1536 1069 1773 1116; x_wconf 62' lang='lat' dir='ltr'>incorruptam</span> 
     </span>
     <span class='ocr_line' id='line_1_84' title="bbox 1003 1115 1772 1158; baseline -0.003 -6"><span class='ocrx_word' id='word_1_509' title='bbox 1003 1117 1145 1152; x_wconf 76' lang='lat' dir='ltr'>Coenam</span> <span class='ocrx_word' id='word_1_510' title='bbox 1155 1117 1299 1151; x_wconf 86' lang='lat' dir='ltr'>Domini</span> <span class='ocrx_word' id='word_1_511' title='bbox 1310 1115 1429 1150; x_wconf 63' lang='lat' dir='ltr'>hibere</span> <span class='ocrx_word' id='word_1_512' title='bbox 1440 1117 1590 1158; x_wconf 79' lang='lat' dir='ltr'>velimus.</span> <span class='ocrx_word' id='word_1_513' title='bbox 1769 1115 1772 1118; x_wconf 59' lang='grc'>’</span> 
     </span>
    </p>

    <p class='ocr_par' dir='ltr' id='par_1_7' title="bbox 1001 1163 1778 2828">
     <span class='ocr_line' id='line_1_85' title="bbox 1049 1163 1764 1213; baseline 0.003 -14"><span class='ocrx_word' id='word_1_514' title='bbox 1049 1164 1200 1200; x_wconf 71' lang='lat' dir='ltr'>Primum</span> <span class='ocrx_word' id='word_1_515' title='bbox 1213 1166 1313 1213; x_wconf 87' lang='lat' dir='ltr'>igitur</span> <span class='ocrx_word' id='word_1_516' title='bbox 1324 1188 1335 1204; x_wconf 88' lang='lat'><strong>,</strong></span> <span class='ocrx_word' id='word_1_517' title='bbox 1351 1164 1424 1198; x_wconf 73' lang='lat' dir='ltr'>cum</span> <span class='ocrx_word' id='word_1_518' title='bbox 1435 1163 1605 1211; x_wconf 72' lang='lat' dir='ltr'>Dominus</span> <span class='ocrx_word' id='word_1_519' title='bbox 1619 1166 1764 1201; x_wconf 78' lang='lat' dir='ltr'>Coenam</span> 
     </span>
     <span class='ocr_line' id='line_1_86' title="bbox 1001 1211 1762 1254; baseline 0.001 -7"><span class='ocrx_word' id='word_1_520' title='bbox 1001 1214 1107 1249; x_wconf 78' lang='lat' dir='ltr'>nobis.</span> <span class='ocrx_word' id='word_1_521' title='bbox 1119 1215 1248 1249; x_wconf 88' lang='lat' dir='ltr'>dederit</span> <span class='ocrx_word' id='word_1_522' title='bbox 1259 1237 1269 1253; x_wconf 88' lang='lat'><strong>,</strong></span> <span class='ocrx_word' id='word_1_523' title='bbox 1287 1225 1320 1248; x_wconf 81' lang='lat' dir='ltr'>Vt</span> <span class='ocrx_word' id='word_1_524' title='bbox 1333 1215 1419 1247; x_wconf 89' lang='lat' dir='ltr'>inter</span> <span class='ocrx_word' id='word_1_525' title='bbox 1429 1211 1489 1247; x_wconf 88' lang='lat' dir='ltr'>nos</span> <span class='ocrx_word' id='word_1_526' title='bbox 1500 1213 1762 1254; x_wconf 81' lang='lat' dir='ltr'>distribueretur,</span> 
     </span>
     <span class='ocr_line' id='line_1_87' title="bbox 1002 1262 1763 1310; baseline 0.001 -13"><span class='ocrx_word' id='word_1_527' title='bbox 1002 1262 1212 1297; x_wconf 88' lang='lat' dir='ltr'>testificandae</span> <span class='ocrx_word' id='word_1_528' title='bbox 1224 1263 1472 1297; x_wconf 85' lang='lat' dir='ltr'>communionis</span> <span class='ocrx_word' id='word_1_529' title='bbox 1488 1262 1605 1310; x_wconf 41' lang='lat' dir='ltr'>gratita,</span> <span class='ocrx_word' id='word_1_530' title='bbox 1615 1264 1714 1310; x_wconf 73' lang='lat' dir='ltr'>quam</span> <span class='ocrx_word' id='word_1_531' title='bbox 1727 1264 1763 1298; x_wconf 90' lang='lat' dir='ltr'>in</span> 
     </span>
     <span class='ocr_line' id='line_1_88' title="bbox 1003 1307 1764 1359; baseline 0.001 -14"><span class='ocrx_word' id='word_1_532' title='bbox 1003 1323 1142 1358; x_wconf 87' lang='lat' dir='ltr'>corpore</span> <span class='ocrx_word' id='word_1_533' title='bbox 1153 1311 1252 1358; x_wconf 82' lang='lat' dir='ltr'>ipsius</span> <span class='ocrx_word' id='word_1_534' title='bbox 1266 1309 1424 1345; x_wconf 76' lang='lat' dir='ltr'>habentes</span> <span class='ocrx_word' id='word_1_535' title='bbox 1436 1335 1446 1351; x_wconf 94' lang='lat'><strong>‚</strong></span> <span class='ocrx_word' id='word_1_536' title='bbox 1470 1309 1615 1356; x_wconf 78' lang='lat' dir='ltr'>sacrificij</span> <span class='ocrx_word' id='word_1_537' title='bbox 1627 1307 1764 1359; x_wconf 80' lang='lat' dir='ltr'>quoque</span> 
     </span>
     <span class='ocr_line' id='line_1_89' title="bbox 1001 1352 1768 1407; baseline 0.003 -14"><span class='ocrx_word' id='word_1_538' title='bbox 1001 1361 1093 1406; x_wconf 88' lang='lat' dir='ltr'>quod</span> <span class='ocrx_word' id='word_1_539' title='bbox 1106 1361 1145 1395; x_wconf 85' lang='lat' dir='ltr'>ad</span> <span class='ocrx_word' id='word_1_540' title='bbox 1157 1357 1313 1406; x_wconf 78' lang='lat' dir='ltr'>expianda</span> <span class='ocrx_word' id='word_1_541' title='bbox 1324 1370 1454 1407; x_wconf 85' lang='lat' dir='ltr'>peccata</span> <span class='ocrx_word' id='word_1_542' title='bbox 1466 1359 1574 1395; x_wconf 80' lang='lat' dir='ltr'>nostra</span> <span class='ocrx_word' id='word_1_543' title='bbox 1587 1362 1664 1397; x_wconf 87' lang='lat' dir='ltr'>Deo</span> <span class='ocrx_word' id='word_1_544' title='bbox 1675 1352 1768 1395; x_wconf 63' lang='lat' dir='ltr'>Patri¹</span> 
     </span>
     <span class='ocr_line' id='line_1_90' title="bbox 1001 1407 1767 1456; baseline 0.003 -14"><span class='ocrx_word' id='word_1_545' title='bbox 1001 1407 1328 1456; x_wconf 53' lang='lat' dir='ltr'>obtulit2participes</span> <span class='ocrx_word' id='word_1_546' title='bbox 1341 1407 1466 1443; x_wconf 86' lang='lat' dir='ltr'>sumus:</span> <span class='ocrx_word' id='word_1_547' title='bbox 1479 1408 1632 1444; x_wconf 82' lang='lat' dir='ltr'>homines</span> <span class='ocrx_word' id='word_1_548' title='bbox 1645 1409 1767 1449; x_wconf 55' lang='lat' dir='ltr'>contri</span> 
     </span>
     <span class='ocr_line' id='line_1_91' title="bbox 1002 1454 1765 1506; baseline 0 -14"><span class='ocrx_word' id='word_1_549' title='bbox 1002 1456 1061 1493; x_wconf 88' lang='lat' dir='ltr'>suo</span> <span class='ocrx_word' id='word_1_550' title='bbox 1071 1459 1212 1506; x_wconf 83' lang='lat' dir='ltr'>ingenio</span> <span class='ocrx_word' id='word_1_551' title='bbox 1225 1459 1409 1503; x_wconf 75' lang='lat' dir='ltr'>comment-i</span> <span class='ocrx_word' id='word_1_552' title='bbox 1420 1455 1702 1496; x_wconf 79' lang='lat' dir='ltr'>sunt‚sacrificium</span> <span class='ocrx_word' id='word_1_553' title='bbox 1714 1454 1765 1502; x_wconf 75' lang='lat' dir='ltr'>es-</span> 
     </span>
     <span class='ocr_line' id='line_1_92' title="bbox 1003 1503 1766 1554; baseline -0.001 -13"><span class='ocrx_word' id='word_1_554' title='bbox 1003 1505 1033 1541; x_wconf 88' lang='lat' dir='ltr'>se</span> <span class='ocrx_word' id='word_1_555' title='bbox 1044 1519 1113 1554; x_wconf 91' lang='lat' dir='ltr'>quo</span> <span class='ocrx_word' id='word_1_556' title='bbox 1128 1505 1352 1551; x_wconf 72' lang='lat' dir='ltr'>remissionem</span> <span class='ocrx_word' id='word_1_557' title='bbox 1363 1503 1600 1554; x_wconf 67' lang='lat' dir='ltr'>peccatorum&#39;zi</span> <span class='ocrx_word' id='word_1_558' title='bbox 1614 1508 1690 1541; x_wconf 85' lang='lat' dir='ltr'>Deo</span> <span class='ocrx_word' id='word_1_559' title='bbox 1704 1508 1766 1541; x_wconf 74' lang='grc' dir='ltr'>(ὅ-</span> 
     </span>
     <span class='ocr_line' id='line_1_93' title="bbox 1003 1554 1765 1606; baseline 0.001 -17"><span class='ocrx_word' id='word_1_560' title='bbox 1003 1554 1180 1603; x_wconf 81' lang='lat' dir='ltr'>sequimur.</span> <span class='ocrx_word' id='word_1_561' title='bbox 1222 1556 1327 1606; x_wconf 81' lang='lat' dir='ltr'>Qod</span> <span class='ocrx_word' id='word_1_562' title='bbox 1345 1554 1549 1604; x_wconf 82' lang='lat' dir='ltr'>sacrilegium</span> <span class='ocrx_word' id='word_1_563' title='bbox 1573 1555 1765 1590; x_wconf 75' lang='lat' dir='ltr'>detestabile</span> 
     </span>
     <span class='ocr_line' id='line_1_94' title="bbox 1003 1601 1766 1652; baseline -0.001 -13"><span class='ocrx_word' id='word_1_564' title='bbox 1003 1606 1060 1645; x_wconf 83' lang='lat' dir='ltr'>est,</span> <span class='ocrx_word' id='word_1_565' title='bbox 1071 1604 1231 1652; x_wconf 72' lang='lat' dir='ltr'>nulloque</span> <span class='ocrx_word' id='word_1_566' title='bbox 1241 1601 1346 1640; x_wconf 76' lang='lat' dir='ltr'>modo</span> <span class='ocrx_word' id='word_1_567' title='bbox 1357 1605 1577 1639; x_wconf 81' lang='lat' dir='ltr'>tolerandum.</span> <span class='ocrx_word' id='word_1_568' title='bbox 1588 1603 1663 1639; x_wconf 85' lang='lat' dir='ltr'>Nisi</span> <span class='ocrx_word' id='word_1_569' title='bbox 1676 1606 1766 1639; x_wconf 78' lang='lat' dir='ltr'>enim</span> 
     </span>
     <span class='ocr_line' id='line_1_95' title="bbox 1002 1652 1768 1700; baseline 0 -12"><span class='ocrx_word' id='word_1_570' title='bbox 1002 1652 1218 1700; x_wconf 82' lang='lat' dir='ltr'>agnoscamus</span> <span class='ocrx_word' id='word_1_571' title='bbox 1244 1666 1280 1688; x_wconf 83' lang='lat' dir='ltr'>ac</span> <span class='ocrx_word' id='word_1_572' title='bbox 1299 1653 1391 1687; x_wconf 75' lang='lat' dir='ltr'>certo</span> <span class='ocrx_word' id='word_1_573' title='bbox 1412 1664 1580 1698; x_wconf 79' lang='lat' dir='ltr'>teneamus</span> <span class='ocrx_word' id='word_1_574' title='bbox 1593 1677 1601 1691; x_wconf 86' lang='lat'>,</span> <span class='ocrx_word' id='word_1_575' title='bbox 1625 1664 1768 1690; x_wconf 82' lang='lat' dir='ltr'>mortem</span> 
     </span>
     <span class='ocr_line' id='line_1_96' title="bbox 1002 1699 1768 1749; baseline 0 -12"><span class='ocrx_word' id='word_1_576' title='bbox 1002 1703 1149 1745; x_wconf 87' lang='lat' dir='ltr'>Domini</span> <span class='ocrx_word' id='word_1_577' title='bbox 1156 1700 1228 1737; x_wconf 89' lang='lat' dir='ltr'>Iesu</span> <span class='ocrx_word' id='word_1_578' title='bbox 1238 1700 1361 1737; x_wconf 83' lang='lat' dir='ltr'>Christi</span> <span class='ocrx_word' id='word_1_579' title='bbox 1370 1699 1505 1749; x_wconf 84' lang='lat' dir='ltr'>vnicum</span> <span class='ocrx_word' id='word_1_580' title='bbox 1514 1700 1768 1749; x_wconf 58' lang='lat' dir='ltr'>sacrificiumess</span> 
     </span>
     <span class='ocr_line' id='line_1_97' title="bbox 1002 1749 1778 1801; baseline 0 -15"><span class='ocrx_word' id='word_1_581' title='bbox 1002 1750 1033 1786; x_wconf 84' lang='lat' dir='ltr'>se</span> <span class='ocrx_word' id='word_1_582' title='bbox 1043 1777 1051 1788; x_wconf 84' lang='lat'>‚</span> <span class='ocrx_word' id='word_1_583' title='bbox 1061 1763 1202 1799; x_wconf 30' lang='lat' dir='ltr'>quodnos</span> <span class='ocrx_word' id='word_1_584' title='bbox 1211 1752 1292 1787; x_wconf 89' lang='lat' dir='ltr'>Deo</span> <span class='ocrx_word' id='word_1_585' title='bbox 1302 1752 1393 1786; x_wconf 86' lang='lat' dir='ltr'>Patri</span> <span class='ocrx_word' id='word_1_586' title='bbox 1406 1751 1693 1799; x_wconf 78' lang='lat' dir='ltr'>reconciliauit,ac</span> <span class='ocrx_word' id='word_1_587' title='bbox 1704 1749 1778 1801; x_wconf 47' lang='lat' dir='ltr'>de?</span> 
     </span>
     <span class='ocr_line' id='line_1_98' title="bbox 1001 1798 1768 1850; baseline -0.005 -12"><span class='ocrx_word' id='word_1_588' title='bbox 1001 1801 1084 1843; x_wconf 71' lang='lat' dir='ltr'>lenit</span> <span class='ocrx_word' id='word_1_589' title='bbox 1101 1812 1233 1850; x_wconf 81' lang='lat' dir='ltr'>peccata</span> <span class='ocrx_word' id='word_1_590' title='bbox 1246 1801 1362 1846; x_wconf 82' lang='lat' dir='ltr'>omnia</span> <span class='ocrx_word' id='word_1_591' title='bbox 1376 1812 1520 1848; x_wconf 86' lang='lat' dir='ltr'>quorum</span> <span class='ocrx_word' id='word_1_592' title='bbox 1538 1798 1574 1835; x_wconf 82' lang='lat' dir='ltr'>in</span> <span class='ocrx_word' id='word_1_593' title='bbox 1591 1799 1717 1837; x_wconf 78' lang='lat' dir='ltr'>iudicio</span> <span class='ocrx_word' id='word_1_594' title='bbox 1736 1800 1768 1834; x_wconf 85' lang='lat' dir='ltr'>i-</span> 
     </span>
     <span class='ocr_line' id='line_1_99' title="bbox 1003 1845 1767 1901; baseline -0.007 -14"><span class='ocrx_word' id='word_1_595' title='bbox 1003 1852 1089 1901; x_wconf 79' lang='lat' dir='ltr'>psius</span> <span class='ocrx_word' id='word_1_596' title='bbox 1106 1863 1234 1886; x_wconf 86' lang='lat' dir='ltr'>eramus</span> <span class='ocrx_word' id='word_1_597' title='bbox 1256 1852 1322 1885; x_wconf 87' lang='lat' dir='ltr'>rei:</span> <span class='ocrx_word' id='word_1_598' title='bbox 1343 1851 1412 1885; x_wconf 88' lang='lat' dir='ltr'>vim</span> <span class='ocrx_word' id='word_1_599' title='bbox 1425 1854 1456 1886; x_wconf 88' lang='lat'>&amp;</span> <span class='ocrx_word' id='word_1_600' title='bbox 1471 1845 1767 1900; x_wconf 64' lang='lat' dir='ltr'>efficatiamipsius</span> 
     </span>
     <span class='ocr_line' id='line_1_100' title="bbox 1003 1896 1768 1946; baseline -0.005 -10"><span class='ocrx_word' id='word_1_601' title='bbox 1003 1902 1183 1946; x_wconf 84' lang='lat' dir='ltr'>euertimus</span> <span class='ocrx_word' id='word_1_602' title='bbox 1207 1913 1243 1935; x_wconf 85' lang='lat' dir='ltr'>ac</span> <span class='ocrx_word' id='word_1_603' title='bbox 1260 1898 1470 1945; x_wconf 84' lang='lat' dir='ltr'>destruimus.</span> <span class='ocrx_word' id='word_1_604' title='bbox 1511 1896 1586 1946; x_wconf 84' lang='lat' dir='ltr'>Nisi</span> <span class='ocrx_word' id='word_1_605' title='bbox 1610 1896 1768 1942; x_wconf 80' lang='lat' dir='ltr'>fateamur</span> 
     </span>
     <span class='ocr_line' id='line_1_101' title="bbox 1004 1944 1769 1994; baseline -0.008 -8"><span class='ocrx_word' id='word_1_606' title='bbox 1004 1950 1173 1987; x_wconf 84' lang='lat' dir='ltr'>Christum</span> <span class='ocrx_word' id='word_1_607' title='bbox 1189 1948 1296 1993; x_wconf 85' lang='lat' dir='ltr'>solum</span> <span class='ocrx_word' id='word_1_608' title='bbox 1307 1949 1517 1994; x_wconf 76' lang='lat' dir='ltr'>Sacerdotem</span> <span class='ocrx_word' id='word_1_609' title='bbox 1528 1944 1599 1992; x_wconf 62' lang='lat' dir='ltr'>effe,</span> <span class='ocrx_word' id='word_1_610' title='bbox 1613 1949 1702 1982; x_wconf 80' lang='lat' dir='ltr'>cuius</span> <span class='ocrx_word' id='word_1_611' title='bbox 1713 1947 1769 1981; x_wconf 91' lang='lat' dir='ltr'>in-</span> 
     </span>
     <span class='ocr_line' id='line_1_102' title="bbox 1003 1996 1769 2046; baseline -0.007 -12"><span class='ocrx_word' id='word_1_612' title='bbox 1003 1998 1198 2040; x_wconf 71' lang='lat' dir='ltr'>tereeffione</span> <span class='ocrx_word' id='word_1_613' title='bbox 1221 2000 1255 2032; x_wconf 92' lang='lat' dir='ltr'>in</span> <span class='ocrx_word' id='word_1_614' title='bbox 1286 1999 1423 2046; x_wconf 82' lang='lat' dir='ltr'>gratiam</span> <span class='ocrx_word' id='word_1_615' title='bbox 1443 1997 1595 2044; x_wconf 51' lang='lat' dir='ltr'>redimus¹</span> <span class='ocrx_word' id='word_1_616' title='bbox 1609 2009 1683 2030; x_wconf 87' lang='lat' dir='ltr'>cum</span> <span class='ocrx_word' id='word_1_617' title='bbox 1706 1996 1769 2029; x_wconf 70' lang='lat' dir='ltr'>Pa-</span> 
     </span>
     <span class='ocr_line' id='line_1_103' title="bbox 1004 2041 1770 2096; baseline -0.007 -13"><span class='ocrx_word' id='word_1_618' title='bbox 1004 2059 1053 2084; x_wconf 88' lang='lat' dir='ltr'>tre</span> <span class='ocrx_word' id='word_1_619' title='bbox 1066 2047 1134 2083; x_wconf 88' lang='lat' dir='ltr'>suo:</span> <span class='ocrx_word' id='word_1_620' title='bbox 1152 2046 1260 2096; x_wconf 83' lang='lat' dir='ltr'>ipsum</span> <span class='ocrx_word' id='word_1_621' title='bbox 1270 2047 1446 2094; x_wconf 84' lang='lat' dir='ltr'>spoliamus</span> <span class='ocrx_word' id='word_1_622' title='bbox 1459 2042 1600 2093; x_wconf 82' lang='lat' dir='ltr'>honore,</span> <span class='ocrx_word' id='word_1_623' title='bbox 1614 2041 1770 2093; x_wconf 71' lang='lat' dir='ltr'>grauem-</span> 
     </span>
     <span class='ocr_line' id='line_1_104' title="bbox 1004 2092 1765 2145; baseline -0.007 -13"><span class='ocrx_word' id='word_1_624' title='bbox 1004 2110 1068 2145; x_wconf 86' lang='lat' dir='ltr'>que</span> <span class='ocrx_word' id='word_1_625' title='bbox 1079 2099 1109 2132; x_wconf 92' lang='lat' dir='ltr'>ei</span> <span class='ocrx_word' id='word_1_626' title='bbox 1119 2097 1271 2131; x_wconf 82' lang='lat' dir='ltr'>iniuriam</span> <span class='ocrx_word' id='word_1_627' title='bbox 1279 2092 1665 2143; x_wconf 48' lang='lat' dir='ltr'>inferimusssiimjgitur</span> <span class='ocrx_word' id='word_1_628' title='bbox 1677 2106 1712 2128; x_wconf 86' lang='lat' dir='ltr'>ea</span> <span class='ocrx_word' id='word_1_629' title='bbox 1723 2092 1765 2127; x_wconf 88' lang='lat' dir='ltr'>o-</span> 
     </span>
     <span class='ocr_line' id='line_1_105' title="bbox 1005 2140 1768 2194; baseline -0.007 -13"><span class='ocrx_word' id='word_1_630' title='bbox 1005 2147 1100 2194; x_wconf 85' lang='lat' dir='ltr'>pinio</span> <span class='ocrx_word' id='word_1_631' title='bbox 1109 2170 1118 2185; x_wconf 88' lang='lat'>‚</span> <span class='ocrx_word' id='word_1_632' title='bbox 1132 2157 1203 2193; x_wconf 84' lang='lat' dir='ltr'>quae</span> <span class='ocrx_word' id='word_1_633' title='bbox 1215 2145 1313 2193; x_wconf 88' lang='lat' dir='ltr'>fingit</span> <span class='ocrx_word' id='word_1_634' title='bbox 1326 2146 1470 2189; x_wconf 60' lang='lat' dir='ltr'>chnam</span> <span class='ocrx_word' id='word_1_635' title='bbox 1485 2144 1631 2178; x_wconf 84' lang='lat' dir='ltr'>Domini</span> <span class='ocrx_word' id='word_1_636' title='bbox 1644 2140 1768 2177; x_wconf 82' lang='lat' dir='ltr'>sacrifi-</span> 
     </span>
     <span class='ocr_line' id='line_1_106' title="bbox 1005 2192 1767 2242; baseline -0.009 -12"><span class='ocrx_word' id='word_1_637' title='bbox 1005 2197 1060 2230; x_wconf 78' lang='lat' dir='ltr'>cii&#39;i</span> <span class='ocrx_word' id='word_1_638' title='bbox 1077 2194 1137 2230; x_wconf 76' lang='lat' dir='ltr'>esse</span> <span class='ocrx_word' id='word_1_639' title='bbox 1146 2207 1214 2242; x_wconf 90' lang='lat' dir='ltr'>quo</span> <span class='ocrx_word' id='word_1_640' title='bbox 1226 2192 1447 2228; x_wconf 84' lang='lat' dir='ltr'>remiffionem</span> <span class='ocrx_word' id='word_1_641' title='bbox 1458 2203 1667 2239; x_wconf 79' lang='lat' dir='ltr'>peccatorum</span> <span class='ocrx_word' id='word_1_642' title='bbox 1681 2203 1767 2227; x_wconf 85' lang='lat' dir='ltr'>con-</span> 
     </span>
     <span class='ocr_line' id='line_1_107' title="bbox 1004 2235 1769 2291; baseline -0.004 -12"><span class='ocrx_word' id='word_1_643' title='bbox 1004 2243 1171 2291; x_wconf 87' lang='lat' dir='ltr'>sequimur</span> <span class='ocrx_word' id='word_1_644' title='bbox 1182 2267 1193 2283; x_wconf 90' lang='lat'>,</span> <span class='ocrx_word' id='word_1_645' title='bbox 1203 2241 1319 2278; x_wconf 72' lang='lat' dir='ltr'>contra</span> <span class='ocrx_word' id='word_1_646' title='bbox 1331 2252 1474 2289; x_wconf 79' lang='lat' dir='ltr'>pugnet:</span> <span class='ocrx_word' id='word_1_647' title='bbox 1487 2241 1634 2276; x_wconf 85' lang='lat' dir='ltr'>tollenda</span> <span class='ocrx_word' id='word_1_648' title='bbox 1645 2235 1722 2287; x_wconf 80' lang='lat' dir='ltr'>ipsa,</span> <span class='ocrx_word' id='word_1_649' title='bbox 1735 2245 1769 2276; x_wconf 75' lang='grc' dir='ltr'>δε</span> 
     </span>
     <span class='ocr_line' id='line_1_108' title="bbox 1006 2287 1768 2338; baseline -0.008 -10"><span class='ocrx_word' id='word_1_650' title='bbox 1006 2305 1042 2328; x_wconf 79' lang='lat' dir='ltr'>vr</span> <span class='ocrx_word' id='word_1_651' title='bbox 1061 2292 1226 2328; x_wconf 89' lang='lat' dir='ltr'>diabolica</span> <span class='ocrx_word' id='word_1_652' title='bbox 1248 2291 1433 2334; x_wconf 55' lang='lat' dir='ltr'>&lt;kunnanda</span> <span class='ocrx_word' id='word_1_653' title='bbox 1453 2288 1509 2324; x_wconf 90' lang='lat' dir='ltr'>est.</span> <span class='ocrx_word' id='word_1_654' title='bbox 1528 2287 1676 2338; x_wconf 82' lang='lat' dir='ltr'>Pugnare</span> <span class='ocrx_word' id='word_1_655' title='bbox 1686 2288 1768 2322; x_wconf 71' lang='lat' dir='ltr'>vero</span> 
     </span>
     <span class='ocr_line' id='line_1_109' title="bbox 1006 2336 1769 2386; baseline -0.008 -10"><span class='ocrx_word' id='word_1_656' title='bbox 1006 2340 1220 2381; x_wconf 80' lang='lat' dir='ltr'>certissimum</span> <span class='ocrx_word' id='word_1_657' title='bbox 1240 2341 1298 2376; x_wconf 81' lang='lat' dir='ltr'>est.</span> <span class='ocrx_word' id='word_1_658' title='bbox 1310 2338 1381 2386; x_wconf 78' lang='lat' dir='ltr'>Qi</span> <span class='ocrx_word' id='word_1_659' title='bbox 1399 2340 1490 2373; x_wconf 85' lang='lat' dir='ltr'>enim</span> <span class='ocrx_word' id='word_1_660' title='bbox 1510 2337 1569 2373; x_wconf 83' lang='lat' dir='ltr'>ista</span> <span class='ocrx_word' id='word_1_661' title='bbox 1588 2336 1769 2373; x_wconf 86' lang='lat' dir='ltr'>conuenire</span> 
     </span>
     <span class='ocr_line' id='line_1_110' title="bbox 1006 2384 1768 2438; baseline -0.008 -13"><span class='ocrx_word' id='word_1_662' title='bbox 1006 2389 1158 2438; x_wconf 81' lang='lat' dir='ltr'>possunt?</span> <span class='ocrx_word' id='word_1_663' title='bbox 1172 2389 1340 2428; x_wconf 81' lang='lat' dir='ltr'>Christum</span> <span class='ocrx_word' id='word_1_664' title='bbox 1352 2387 1632 2435; x_wconf 72' lang='lat' dir='ltr'>moriendopatti</span> <span class='ocrx_word' id='word_1_665' title='bbox 1647 2384 1768 2420; x_wconf 79' lang='lat' dir='ltr'>sacrifi-</span> 
     </span>
     <span class='ocr_line' id='line_1_111' title="bbox 1006 2434 1769 2486; baseline -0.008 -13"><span class='ocrx_word' id='word_1_666' title='bbox 1006 2439 1094 2477; x_wconf 71' lang='lat' dir='ltr'>cium</span> <span class='ocrx_word' id='word_1_667' title='bbox 1107 2437 1345 2486; x_wconf 71' lang='lat' dir='ltr'>obtulisse‚quo</span> <span class='ocrx_word' id='word_1_668' title='bbox 1359 2438 1456 2482; x_wconf 77' lang='lat' dir='ltr'>semel</span> <span class='ocrx_word' id='word_1_669' title='bbox 1469 2449 1529 2483; x_wconf 87' lang='lat' dir='ltr'>pro</span> <span class='ocrx_word' id='word_1_670' title='bbox 1539 2434 1698 2470; x_wconf 85' lang='lat' dir='ltr'>omnibus</span> <span class='ocrx_word' id='word_1_671' title='bbox 1709 2446 1769 2468; x_wconf 87' lang='lat' dir='ltr'>ve-</span> 
     </span>
     <span class='ocr_line' id='line_1_112' title="bbox 1005 2484 1769 2531; baseline -0.005 -10"><span class='ocrx_word' id='word_1_672' title='bbox 1005 2489 1096 2523; x_wconf 87' lang='lat' dir='ltr'>niam</span> <span class='ocrx_word' id='word_1_673' title='bbox 1115 2492 1148 2524; x_wconf 75' lang='grc' dir='ltr'>δι</span> <span class='ocrx_word' id='word_1_674' title='bbox 1165 2486 1389 2529; x_wconf 62' lang='lat' dir='ltr'>remissionem</span> <span class='ocrx_word' id='word_1_675' title='bbox 1402 2487 1557 2531; x_wconf 80' lang='lat' dir='ltr'>omnium</span> <span class='ocrx_word' id='word_1_676' title='bbox 1569 2484 1769 2521; x_wconf 64' lang='lat' dir='ltr'>deliEtorum</span> 
     </span>
     <span class='ocr_line' id='line_1_113' title="bbox 1006 2531 1770 2583; baseline -0.007 -12"><span class='ocrx_word' id='word_1_677' title='bbox 1006 2535 1198 2575; x_wconf 81' lang='lat' dir='ltr'>nostrorum</span> <span class='ocrx_word' id='word_1_678' title='bbox 1214 2535 1401 2583; x_wconf 73' lang='lat' dir='ltr'>acquisiuit:</span> <span class='ocrx_word' id='word_1_679' title='bbox 1419 2539 1452 2570; x_wconf 87' lang='lat'>&amp;</span> <span class='ocrx_word' id='word_1_680' title='bbox 1469 2532 1594 2580; x_wconf 82' lang='lat' dir='ltr'>rursum</span> <span class='ocrx_word' id='word_1_681' title='bbox 1614 2531 1770 2582; x_wconf 85' lang='lat' dir='ltr'>quotidie</span> 
     </span>
     <span class='ocr_line' id='line_1_114' title="bbox 1005 2580 1770 2630; baseline -0.005 -11"><span class='ocrx_word' id='word_1_682' title='bbox 1005 2583 1326 2625; x_wconf 68' lang='lat' dir='ltr'>sacrificandum,¹esse</span> <span class='ocrx_word' id='word_1_683' title='bbox 1337 2607 1348 2624; x_wconf 90' lang='lat'><strong>‚</strong></span> <span class='ocrx_word' id='word_1_684' title='bbox 1361 2595 1396 2618; x_wconf 88' lang='lat' dir='ltr'>vt</span> <span class='ocrx_word' id='word_1_685' title='bbox 1407 2584 1440 2617; x_wconf 90' lang='lat' dir='ltr'>id</span> <span class='ocrx_word' id='word_1_686' title='bbox 1455 2581 1666 2630; x_wconf 74' lang='lat' dir='ltr'>obtineamus</span> <span class='ocrx_word' id='word_1_687' title='bbox 1676 2580 1770 2630; x_wconf 84' lang='lat' dir='ltr'>quod</span> 
     </span>
     <span class='ocr_line' id='line_1_115' title="bbox 1007 2630 1771 2680; baseline -0.005 -12"><span class='ocrx_word' id='word_1_688' title='bbox 1007 2635 1041 2668; x_wconf 81' lang='lat' dir='ltr'>in</span> <span class='ocrx_word' id='word_1_689' title='bbox 1053 2633 1196 2673; x_wconf 72' lang='lat' dir='ltr'>solacius</span> <span class='ocrx_word' id='word_1_690' title='bbox 1210 2646 1318 2674; x_wconf 79' lang='lat' dir='ltr'>morte</span> <span class='ocrx_word' id='word_1_691' title='bbox 1330 2632 1540 2680; x_wconf 80' lang='lat' dir='ltr'>quaerendum</span> <span class='ocrx_word' id='word_1_692' title='bbox 1552 2630 1620 2667; x_wconf 75' lang='lat' dir='ltr'>est?</span> <span class='ocrx_word' id='word_1_693' title='bbox 1637 2631 1704 2666; x_wconf 88' lang='lat' dir='ltr'>Hic</span> <span class='ocrx_word' id='word_1_694' title='bbox 1717 2642 1771 2671; x_wconf 85' lang='lat' dir='ltr'>er-</span> 
     </span>
     <span class='ocr_line' id='line_1_116' title="bbox 1003 2678 1771 2726; baseline -0.005 -9"><span class='ocrx_word' id='word_1_695' title='bbox 1003 2696 1062 2718; x_wconf 84' lang='lat' dir='ltr'>ror</span> <span class='ocrx_word' id='word_1_696' title='bbox 1077 2695 1146 2721; x_wconf 85' lang='lat' dir='ltr'>non</span> <span class='ocrx_word' id='word_1_697' title='bbox 1163 2682 1276 2723; x_wconf 75' lang='lat' dir='ltr'>statim</span> <span class='ocrx_word' id='word_1_698' title='bbox 1292 2681 1333 2722; x_wconf 80' lang='lat' dir='ltr'>ab</span> <span class='ocrx_word' id='word_1_699' title='bbox 1352 2682 1452 2716; x_wconf 87' lang='lat' dir='ltr'>initio</span> <span class='ocrx_word' id='word_1_700' title='bbox 1465 2679 1505 2714; x_wconf 79' lang='lat' dir='ltr'>ad</span> <span class='ocrx_word' id='word_1_701' title='bbox 1518 2678 1681 2725; x_wconf 83' lang='lat' dir='ltr'>summum</span> <span class='ocrx_word' id='word_1_702' title='bbox 1693 2691 1771 2726; x_wconf 87' lang='lat' dir='ltr'>per-</span> 
     </span>
     <span class='ocr_line' id='line_1_117' title="bbox 1006 2727 1771 2778; baseline -0.008 -11"><span class='ocrx_word' id='word_1_703' title='bbox 1006 2734 1119 2772; x_wconf 88' lang='lat' dir='ltr'>uenit,</span> <span class='ocrx_word' id='word_1_704' title='bbox 1135 2731 1189 2771; x_wconf 84' lang='lat' dir='ltr'>sed</span> <span class='ocrx_word' id='word_1_705' title='bbox 1209 2731 1416 2778; x_wconf 83' lang='lat' dir='ltr'>pedetentim</span> <span class='ocrx_word' id='word_1_706' title='bbox 1435 2731 1638 2764; x_wconf 84' lang='lat' dir='ltr'>incrementa</span> <span class='ocrx_word' id='word_1_707' title='bbox 1652 2727 1703 2762; x_wconf 80' lang='lat' dir='ltr'>sua</span> <span class='ocrx_word' id='word_1_708' title='bbox 1715 2740 1771 2762; x_wconf 81' lang='lat' dir='ltr'>ca-</span> 
     </span>
     <span class='ocr_line' id='line_1_118' title="bbox 1007 2777 1770 2828; baseline -0.008 -13"><span class='ocrx_word' id='word_1_709' title='bbox 1007 2784 1100 2828; x_wconf 76' lang='lat' dir='ltr'>piens</span> <span class='ocrx_word' id='word_1_710' title='bbox 1112 2805 1122 2820; x_wconf 96' lang='lat'>‚</span> <span class='ocrx_word' id='word_1_711' title='bbox 1140 2781 1274 2814; x_wconf 84' lang='lat' dir='ltr'>tandem</span> <span class='ocrx_word' id='word_1_712' title='bbox 1291 2779 1355 2814; x_wconf 88' lang='lat' dir='ltr'>huc</span> <span class='ocrx_word' id='word_1_713' title='bbox 1367 2778 1542 2826; x_wconf 54' lang='lat' dir='ltr'>prouetffms</span> <span class='ocrx_word' id='word_1_714' title='bbox 1553 2777 1611 2813; x_wconf 85' lang='lat' dir='ltr'>est.</span> <span class='ocrx_word' id='word_1_715' title='bbox 1631 2779 1770 2813; x_wconf 84' lang='lat' dir='ltr'>Veteres</span> 
     </span>
    </p>
   </div>
   <div class='ocr_carea' id='block_1_6' title="bbox 999 2825 1772 2876">
    <p class='ocr_par' dir='ltr' id='par_1_8' title="bbox 999 2825 1772 2876">
     <span class='ocr_line' id='line_1_119' title="bbox 999 2825 1772 2876; baseline -0.006 -12"><span class='ocrx_word' id='word_1_716' title='bbox 999 2829 1143 2876; x_wconf 63' lang='lat' dir='ltr'>squidem</span> <span class='ocrx_word' id='word_1_717' title='bbox 1154 2830 1297 2866; x_wconf 85' lang='lat' dir='ltr'>Coenam</span> <span class='ocrx_word' id='word_1_718' title='bbox 1309 2826 1502 2871; x_wconf 58' lang='lat' dir='ltr'>sacrifitium</span> <span class='ocrx_word' id='word_1_719' title='bbox 1511 2825 1772 2866; x_wconf 81' lang='lat' dir='ltr'>vocaffe,notum</span> 
     </span>
    </p>
   </div>
   <div class='ocr_carea' id='block_1_7' title="bbox 1006 2871 1775 3311">
    <p class='ocr_par' dir='ltr' id='par_1_9' title="bbox 1006 2871 1775 3311">
     <span class='ocr_line' id='line_1_120' title="bbox 1008 2871 1772 2923; baseline -0.005 -11"><span class='ocrx_word' id='word_1_720' title='bbox 1008 2878 1132 2915; x_wconf 88' lang='lat' dir='ltr'>est.Sed</span> <span class='ocrx_word' id='word_1_721' title='bbox 1143 2879 1272 2913; x_wconf 73' lang='lat' dir='ltr'>ratione</span> <span class='ocrx_word' id='word_1_722' title='bbox 1280 2875 1446 2922; x_wconf 77' lang='lat' dir='ltr'>adferunt,</span> <span class='ocrx_word' id='word_1_723' title='bbox 1458 2876 1550 2923; x_wconf 83' lang='lat' dir='ltr'>quod</span> <span class='ocrx_word' id='word_1_724' title='bbox 1562 2871 1651 2920; x_wconf 69' lang='lat' dir='ltr'>mors</span> <span class='ocrx_word' id='word_1_725' title='bbox 1666 2873 1772 2909; x_wconf 83' lang='lat' dir='ltr'>Chri-</span> 
     </span>
     <span class='ocr_line' id='line_1_121' title="bbox 1008 2924 1774 2974; baseline -0.009 -11"><span class='ocrx_word' id='word_1_726' title='bbox 1008 2927 1048 2963; x_wconf 88' lang='lat' dir='ltr'>sti</span> <span class='ocrx_word' id='word_1_727' title='bbox 1059 2929 1092 2963; x_wconf 84' lang='lat' dir='ltr'>in</span> <span class='ocrx_word' id='word_1_728' title='bbox 1103 2940 1138 2965; x_wconf 79' lang='lat' dir='ltr'>ea</span> <span class='ocrx_word' id='word_1_729' title='bbox 1149 2924 1405 2974; x_wconf 76' lang='lat' dir='ltr'>repraesentetut.</span> <span class='ocrx_word' id='word_1_730' title='bbox 1413 2926 1540 2964; x_wconf 80' lang='lat' dir='ltr'>Eorum</span> <span class='ocrx_word' id='word_1_731' title='bbox 1555 2937 1634 2972; x_wconf 75' lang='lat' dir='ltr'>ergo</span> <span class='ocrx_word' id='word_1_732' title='bbox 1648 2924 1774 2970; x_wconf 70' lang='lat' dir='ltr'>distum</span> 
     </span>
     <span class='ocr_line' id='line_1_122' title="bbox 1009 2971 1772 3024; baseline -0.007 -13"><span class='ocrx_word' id='word_1_733' title='bbox 1009 2976 1059 3011; x_wconf 70' lang='lat' dir='ltr'>eb·</span> <span class='ocrx_word' id='word_1_734' title='bbox 1072 2974 1193 3024; x_wconf 54' lang='lat' dir='ltr'>spes-&#39;tat</span> <span class='ocrx_word' id='word_1_735' title='bbox 1203 2999 1215 3016; x_wconf 86' lang='lat'>,</span> <span class='ocrx_word' id='word_1_736' title='bbox 1232 2987 1267 3017; x_wconf 79' lang='lat' dir='ltr'>vt</span> <span class='ocrx_word' id='word_1_737' title='bbox 1278 2976 1437 3023; x_wconf 79' lang='lat' dir='ltr'>quoniam</span> <span class='ocrx_word' id='word_1_738' title='bbox 1450 2976 1559 3013; x_wconf 86' lang='lat' dir='ltr'>Coena</span> <span class='ocrx_word' id='word_1_739' title='bbox 1569 2971 1716 3019; x_wconf 72' lang='lat' dir='ltr'>sacrificij</span> <span class='ocrx_word' id='word_1_740' title='bbox 1728 2971 1772 3008; x_wconf 84' lang='lat' dir='ltr'>il·-</span> 
     </span>
     <span class='ocr_line' id='line_1_123' title="bbox 1009 3023 1775 3070; baseline -0.009 -10"><span class='ocrx_word' id='word_1_741' title='bbox 1009 3025 1339 3064; x_wconf 39' lang='lat' dir='ltr'>liusvvnicimemoria</span> <span class='ocrx_word' id='word_1_742' title='bbox 1349 3023 1445 3064; x_wconf 88' lang='lat' dir='ltr'>est‚in</span> <span class='ocrx_word' id='word_1_743' title='bbox 1456 3036 1524 3070; x_wconf 89' lang='lat' dir='ltr'>quo</span> <span class='ocrx_word' id='word_1_744' title='bbox 1537 3026 1676 3067; x_wconf 81' lang='lat' dir='ltr'>omnino</span> <span class='ocrx_word' id='word_1_745' title='bbox 1690 3033 1775 3069; x_wconf 72' lang='lat' dir='ltr'>con-</span> 
     </span>
     <span class='ocr_line' id='line_1_124' title="bbox 1010 3069 1770 3122; baseline -0.007 -14"><span class='ocrx_word' id='word_1_746' title='bbox 1010 3073 1174 3122; x_wconf 82' lang='lat' dir='ltr'>quiescere</span> <span class='ocrx_word' id='word_1_747' title='bbox 1184 3073 1533 3120; x_wconf 75' lang='lat' dir='ltr'>debeinus,propterea</span> <span class='ocrx_word' id='word_1_748' title='bbox 1542 3071 1580 3106; x_wconf 89' lang='lat' dir='ltr'>sit</span> <span class='ocrx_word' id='word_1_749' title='bbox 1591 3081 1714 3117; x_wconf 68' lang='lat' dir='ltr'>nomen</span> <span class='ocrx_word' id='word_1_750' title='bbox 1727 3069 1770 3105; x_wconf 87' lang='lat' dir='ltr'>il-</span> 
     </span>
     <span class='ocr_line' id='line_1_125' title="bbox 1010 3117 1770 3169; baseline -0.005 -11"><span class='ocrx_word' id='word_1_751' title='bbox 1010 3123 1068 3158; x_wconf 90' lang='lat' dir='ltr'>lud</span> <span class='ocrx_word' id='word_1_752' title='bbox 1086 3123 1116 3158; x_wconf 87' lang='lat' dir='ltr'>ei</span> <span class='ocrx_word' id='word_1_753' title='bbox 1135 3121 1345 3160; x_wconf 84' lang='lat' dir='ltr'>attributum.</span> <span class='ocrx_word' id='word_1_754' title='bbox 1369 3122 1492 3168; x_wconf 89' lang='lat' dir='ltr'>Neque</span> <span class='ocrx_word' id='word_1_755' title='bbox 1509 3132 1619 3155; x_wconf 86' lang='lat' dir='ltr'>tamen</span> <span class='ocrx_word' id='word_1_756' title='bbox 1642 3117 1770 3169; x_wconf 65' lang='lat' dir='ltr'>possum</span> 
     </span>
     <span class='ocr_line' id='line_1_126' title="bbox 1006 3164 1774 3215; baseline -0.007 -8"><span class='ocrx_word' id='word_1_757' title='bbox 1006 3172 1133 3207; x_wconf 31' lang='lat' dir='ltr'>*veteris</span> <span class='ocrx_word' id='word_1_758' title='bbox 1153 3170 1303 3210; x_wconf 84' lang='lat' dir='ltr'>Ecclesiae</span> <span class='ocrx_word' id='word_1_759' title='bbox 1324 3169 1595 3211; x_wconf 64' lang='lat' dir='ltr'>consuetudinem</span> <span class='ocrx_word' id='word_1_760' title='bbox 1608 3164 1774 3215; x_wconf 62' lang='lat' dir='ltr'>excusare,</span> 
     </span>
     <span class='ocr_line' id='line_1_127' title="bbox 1012 3216 1773 3277; baseline -0.011 -20"><span class='ocrx_word' id='word_1_761' title='bbox 1012 3219 1107 3270; x_wconf 73' lang='lat' dir='ltr'>quod</span> <span class='ocrx_word' id='word_1_762' title='bbox 1127 3219 1220 3269; x_wconf 79' lang='lat' dir='ltr'>gestu</span> <span class='ocrx_word' id='word_1_763' title='bbox 1238 3233 1274 3256; x_wconf 82' lang='lat' dir='ltr'>ac</span> <span class='ocrx_word' id='word_1_764' title='bbox 1292 3222 1358 3258; x_wconf 85' lang='lat' dir='ltr'>ritu</span> <span class='ocrx_word' id='word_1_765' title='bbox 1377 3217 1434 3259; x_wconf 85' lang='lat' dir='ltr'>suo</span> <span class='ocrx_word' id='word_1_766' title='bbox 1452 3217 1593 3265; x_wconf 82' lang='lat' dir='ltr'>speciem</span> <span class='ocrx_word' id='word_1_767' title='bbox 1605 3216 1773 3277; x_wconf 57' lang='lat' dir='ltr'>quandam</span> 
     </span>
     <span class='ocr_line' id='line_1_128' title="bbox 1437 3266 1640 3311; baseline -0.015 -9"><span class='ocrx_word' id='word_1_768' title='bbox 1437 3270 1481 3302; x_wconf 80' lang='lat' dir='ltr'>A.</span> <span class='ocrx_word' id='word_1_769' title='bbox 1524 3266 1582 3311; x_wconf 75' lang='lat' dir='ltr'>iiij.</span> <span class='ocrx_word' id='word_1_770' title='bbox 1632 3271 1640 3278; x_wconf 68' lang='grc'><em>’</em></span> 
     </span>
    </p>
   </div>
  </div>
 </body>
</html>
