2113 3674
605 199 689 232 AD
733 195 1254 235 VVESTPHALVM.

113 274 178 310 que
190 259 344 309 epithetis
356 258 478 293 ornari.
500 256 597 292 Adde
609 256 700 304 quod
712 254 818 290 nihilo
828 254 894 290 ob—

112 312 237 347 scurior
247 309 292 344 est
302 309 391 343 Pauli
403 308 573 345 sententia,
586 319 646 339 nos
658 304 828 340 christum
839 305 892 339 in-

113 362 212 396 duet-e
222 361 257 394 in
268 356 550 405 B.1ptiiin0‚quam
562 356 614 389 illa
624 354 839 392 christifioc
850 354 892 388 est

110 420 230 456 corpus
251 419 375 441 meum.
402 405 638 453 Respondeant
649 402 826 450 quomodo
837 403 891 437 in-

111 458 248 497 duamus
261 454 440 491 Christum.
460 453 608 492 modone
619 452 796 499 corporali,
806 462 840 486 vt
851 450 892 486 de

112 507 222 547 Coena
234 505 441 540 contendunt
451 506 467 536 ?
478 504 555 537 inde
569 500 729 549 sequetur,
743 513 812 535 non
825 501 889 536 mi-

113 567 172 590 nus
186 554 242 589 sub
253 566 333 601 aqua
348 551 506 587 inclusum
517 550 576 587 esse
588 549 758 586 ¹Christum
767 572 778 589 ,
790 548 891 598 quarn

112 602 171 638 sub
189 615 281 651 pane.
319 600 530 649 Confugient
541 600 579 635 ad
592 598 679 637 suum
687 598 891 646 asylum,non

109 653 182 688 edici
193 653 233 688 dc
243 652 412 699 Baptismo
425 673 436 689 ,
463 651 541 685 Hoc
552 649 608 689 est,
618 648 795 697 quasivero
808 646 891 682 nihil

107 699 266 740 asseuerct
285 701 343 747 qui
364 700 443 735 dicit
463 698 662 733 Christuma
674 696 772 732 nobis
783 697 888 732 indui.

114 749 218 788 Gerre
236 751 280 784 ita
291 748 444 784 concedit
454 746 570 782 friuola
582 759 697 781 eorum
709 744 891 793 responsio,

104 796 243 838 ,differre
254 799 289 832 in
302 797 366 832 hoc
376 798 518 831 Coenarn
530 796 548 832 ᾗ
558 792 725 842 Baptismo
736 818 747 835 ,
756 805 826 842 quae
837 795 891 829 in-

103 847 222 888 ,ffituta
231 846 275 882 est
286 857 321 882 vt
332 848 365 881 in
376 858 412 880 ea
422 844 479 879 sub
491 858 574 892 pane
585 849 616 881 δι’
629 846 708 879 vino
719 843 814 879 detur
826 855 890 877 no-

103 894 165 932 ,bis
177 895 298 931 Christi
311 893 667 942 corpusrssaptiiino,vt
678 893 843 940 tingamus
854 894 889 926 in

105 945 251 980 nomine
261 944 363 979 Patris
373 967 383 983 ‚
397 943 483 987 Filii,
495 948 527 979 δι
537 943 673 990 Spiritus
683 941 794 976 sancti.
819 941 888 976 Re-

110 994 230 1032 clamat
251 993 337 1028 enim
355 993 445 1027 Pauli
463 990 639 1030 definitio,
661 1003 698 1024 ex
709 989 888 1037 quaaperte

106 1052 199 1087 patet
210 1064 221 1081 ,
241 1054 312 1076 non
328 1043 435 1076 minus
454 1041 488 1074 in
500 1038 668 1087 Baptismo
680 1051 740 1073 nos
752 1040 889 1074 induere

108 1087 396 1138 Christum,quam
406 1090 440 1124 in
454 1090 562 1124 Coena
571 1087 757 1123 comedere.

159 1138 365 1174 Vicesimum
376 1148 528 1186 quartum
539 1148 780 1184 argumentum,
793 1136 886 1183 quod

107 1188 255 1235 maligne
276 1189 455 1235 depr-auant
466 1208 476 1225 ‚
497 1198 533 1221 ac
549 1186 713 1224 mutilant,
723 1183 764 1218 sic
773 1186 885 1232 potius

106 1246 220 1275 retexo
235 1260 246 1276 ‚
263 1236 415 1272 Christus
427 1236 485 1270 alia
497 1234 625 1269 ratione
637 1257 647 1272 ,
657 1234 755 1280 quim
766 1235 886 1268 carnali

106 1284 273 1331 praesentia
282 1284 452 1320 habitatin
465 1282 621 1318 cordibus
633 1285 765 1329 piorum
777 1305 786 1321 ‚
800 1294 835 1317 vt
847 1282 884 1317 sit

106 1344 222 1368 eorum
237 1335 313 1369 vita.
323 1346 402 1381 ergo
415 1334 455 1367 de
464 1331 581 1367 carnali
594 1331 760 1379 praesentia
770 1342 882 1366 tanto-

104 1393 183 1428 pere
202 1383 405 1420 contendere
428 1379 514 1415 nihil
531 1382 660 1414 attinet.
688 1378 757 1414 Hic
767 1379 882 1414 censo-

102 1439 153 1469 res
180 1430 248 1466 non
276 1430 382 1465 modo
399 1430 618 1465 temeritatem
646 1428 744 1462 nobis
763 1440 882 1475 expro-

103 1477 201 1517 brant
211 1502 222 1519 ‚
241 1477 295 1514 sed
316 1479 443 1515 addunt
457 1490 518 1513 nos
529 1478 654 1525 aliquid
665 1477 779 1512 mereri
790 1489 882 1512 acer-

102 1526 178 1562 bius
188 1543 196 1564 :
208 1529 284 1575 quia
292 1529 406 1563 Deum
416 1528 573 1562 audemus
583 1523 771 1561 reformare.
793 1525 881 1572 quasi

103 1575 185 1612 vero
205 1578 283 1612 ideo
303 1588 460 1624 negemus
469 1574 595 1611 Christi
604 1585 722 1621 corpus
732 1573 880 1609 substan-

102 1626 226 1660 tialiter
245 1626 400 1666 comedi,
422 1626 499 1672 quia
517 1624 610 1659 aliter
628 1636 685 1671 per
702 1621 879 1659 effisaciam

103 1674 242 1721 Spiritus
259 1671 306 1709 sui
326 1673 481 1721 perficere
499 1670 632 1708 salutern
653 1671 796 1706 nostram
814 1684 878 1718 po-

101 1722 178 1762 test.
207 1723 309 1759 Ratio
317 1721 376 1762 est,
385 1723 426 1757 dc
435 1734 469 1757 re
479 1734 549 1756 non
559 1718 727 1756 necessaria
740 1732 807 1754 non
820 1719 880 1762 esse

100 1772 303 1818 pertinacius
315 1772 526 1819 litigandum.
546 1770 666 1805 deinde
674 1782 711 1804 ex
722 1781 832 1803 comm
838 1781 878 1804 u-

98 1820 137 1856 ni
155 1821 326 1867 Scripturae
346 1820 497 1855 doctrina
514 1817 772 1866 petendum,efl“e
782 1829 879 1852 corn-

94 1869 329 1905 municationis
345 1868 496 1903 modum.
519 1868 694 1914 Excipient
704 1878 764 1914 pto
775 1878 878 1906 more,

97 1916 224 1962 aliquid
239 1915 374 1964 speciale
384 1915 445 1951 esse
455 1918 489 1952 in
507 1916 627 1951 Coena.
656 1916 759 1963 Qod
772 1926 808 1950 vt
819 1926 879 1950 ve-

97 1975 174 2000 rum
184 1963 245 2000 esse
253 1963 548 2003 fatear‚tenendum
555 1975 668 1999 tamen
681 1966 805 1999 interea
816 1963 876 2004 est,

99 2024 173 2047 non
185 2014 320 2050 tendere
332 2014 366 2048 in
375 2013 474 2048 alium
488 2013 589 2048 finem
599 2036 610 2053 ‚
633 2011 733 2059 quzim
744 2014 801 2060 qui
814 2013 876 2047 ali-

99 2059 140 2096 bi
148 2060 350 2097 describitur.
375 2064 457 2097 Haec
472 2062 561 2097 enim
573 2060 732 2109 perfetffio
740 2086 750 2101 ‚
761 2074 797 2096 ac
809 2074 876 2095 no-

99 2108 172 2144 strae
186 2107 348 2145 felicitatis
359 2111 506 2145 cumulus
517 2109 563 2144 est
575 2133 586 2151 ,
607 2121 642 2145 ,νε
653 2109 804 2145 Christus
818 2122 876 2157 per

101 2156 206 2192 sidem
218 2158 251 2192 in
261 2157 414 2193 cordibus
425 2158 574 2204 habitans
584 2182 595 2198 ,
608 2171 678 2193 non
690 2159 795 2194 modo
808 2159 874 2192 bo-

101 2217 223 2252 norum
241 2206 394 2240 omniurn
411 2206 533 2254 quibus
552 2207 693 2243 donatus
710 2207 756 2243 est
773 2207 791 2243 a
810 2211 873 2242 Pa-

101 2263 174 2293 tre,
191 2253 360 2289 consortes
380 2266 416 2289 ac
433 2252 538 2289 socios
557 2253 674 2290 faciatt
692 2255 746 2291 sed
771 2258 872 2291 vitam

100 2314 239 2349 quoque
257 2301 345 2337 suam
360 2301 493 2349 inspiret
504 2326 515 2342 ‚
533 2301 683 2350 adeoque
693 2315 794 2338 vnum
807 2317 874 2339 no-

103 2351 157 2385 bis
175 2351 244 2386 fiat.
271 2352 367 2387 Vltra
385 2350 468 2385 hanc
476 2361 595 2385 metam
607 2351 761 2398 progredi
770 2363 873 2398 quum

106 2397 195 2434 nefas
211 2398 250 2434 fit
264 2422 275 2439 ‚
296 2412 365 2434 non
384 2400 450 2434 alio
461 2398 601 2435 confilio
613 2398 796 2434 institutam
814 2401 875 2434 esse

105 2449 250 2484 Coenam
264 2447 403 2483 dicimus
416 2469 426 2487 ,
448 2448 507 2482 nisi
518 2458 553 2482 vt
563 2447 628 2482 hoc
639 2448 743 2482 modo
753 2447 874 2483 coales-
897 2470 900 2473 ·

103 2508 216 2532 camus
227 2497 262 2530 in
271 2508 388 2542 corpus
397 2495 533 2532 christi.
546 2494 615 2539 Hic
627 2495 722 2530 stulte
732 2496 874 2544 Migde-

101 2543 281 2593 burgenses
291 2544 536 2592 promissionem
548 2544 588 2579 de
599 2556 693 2579 carue
704 2546 826 2580 Christi
837 2557 874 2580 e·-

99 2594 209 2629 denda
219 2593 259 2628 ad
267 2604 306 2627 os
317 2593 440 2628 carnale
449 2593 738 2641 restringunt‚quia
749 2594 875 2630 dietum

101 2640 494 2689 stt‚Accipite,edite‚hoc
504 2641 549 2677 est
558 2654 675 2689 corpus
685 2641 875 2682 meum.Et-

97 2690 124 2727 fi
139 2691 229 2726 enim
246 2690 399 2736 mysterio
415 2702 541 2725 annexa
552 2690 596 2725 est
610 2689 874 2738 promiffimpru·

97 2739 217 2774 denter
235 2749 341 2774 tamen
357 2738 566 2786 spectandum
574 2738 620 2774 est
631 2739 712 2787 quid
722 2738 788 2786 ipsa
799 2752 874 2786 my-

96 2787 185 2831 sterii
205 2798 318 2822 natura
330 2785 420 2822 ferat.
443 2789 494 2823 Sic
503 2788 594 2822 enim
604 2800 726 2823 annexa
736 2787 782 2823 est
793 2800 873 2835 pro-

96 2834 244 2872 mislioni
255 2846 384 2872 externa
391 2841 424 2873 δι
431 2835 664 2871 sacramentalis
673 2837 874 2877 aerimvtra-

97 2897 175 2920 men
187 2884 270 2919 nihil
280 2886 384 2933 magis
396 2884 627 2933 praeposterum
639 2885 792 2933 linquam
803 2899 876 2920 eam·

97 2931 302 2969 confundere
328 2946 404 2968 cum
425 2932 476 2969 esu
496 2932 680 2980 spirituali:
698 2935 774 2969 Nee
791 2933 877 2969 vero

95 2992 165 3018 tam
188 2981 369 3017 obliuiosus
387 2993 454 3018 erat
471 2983 586 3017 Paulus
598 3005 610 3022 ‚
633 2989 670 3017 v't
679 2983 720 3017 de
731 2981 877 3031 perfeffita

97 3043 175 3066 curn
186 3029 320 3065 Christo
333 3030 481 3065 fidelium
492 3032 808 3071 communicatione,
819 3034 872 3068 vel

97 3081 224 3114 vnione
234 3076 423 3118 differens,fi
433 3079 512 3127 quid
523 3082 557 3114 'm
566 3081 672 3115 Coena
681 3079 755 3116 esset
765 3081 869 3115 excel-

102 3127 465 3167 lautiusffimitterefflu
471 3141 554 3162 mma
563 3128 629 3163 haec
639 3127 788 3176 sit.quum
797 3140 870 3177 prq-

104 3174 219 3221 tipuus
229 3175 318 3212 sacra:
328 3178 444 3211 Coenae
455 3176 492 3211 sit
503 3175 592 3216 finis,
603 3177 774 3213 Christum
785 3176 872 3212 cifis-

105 3234 174 3270 que
182 3225 282 3267 vitain
295 3224 393 3260 nobis
402 3224 648 3261 communicare
658 3249 670 3267 ,
688 3227 871 3263 videndum

106 3270 173 3307 effe
184 3275 322 3321 qualiter
340 3272 440 3310 nobis
447 3273 489 3310 sit
495 3273 645 3324 Christus
655 3276 733 3312 vita·
751 3274 793 3312 ab
806 3275 872 3312 hoe

1677 215 1740 250 957

941 252 1042 306 scopo
1065 255 1086 290 si
1108 256 1294 294 defleffltur
1305 281 1316 300 ,
1336 257 1472 306 impiam
1494 257 1569 294 sacri
1582 260 1724 308 mysterii

936 304 1002 340 ,efle
1014 306 1262 342 lacerationem.

990 354 1352 403 Vicesimumquintum
1391 369 1622 404 argumentum
1662 359 1722 399 est.

939 401 1176 439 Promiffiones
1186 405 1335 454 Eufigclij
1346 404 1415 441 sunt
1428 407 1619 454 spirituales·
1639 412 1670 443 δε
1685 420 1720 443 vt

938 448 1006 484 fide
1018 448 1090 486 sunt
1098 454 1328 502 accipiffdcgnta
1341 454 1406 489 fide
1419 453 1490 490 sunt
1501 454 1719 491 efficacesffla-

935 509 1106 538 ,eramenta
1125 502 1206 536 verb
1219 505 1334 537 omnia
1353 517 1390 538 cx
1410 503 1624 551 promissione
1636 518 1720 553 pcn-

939 547 1113 597 dent:er'go
1125 549 1298 597 spiritualis
1313 551 1357 587 est
1371 554 1491 594 Coena,
1503 553 1721 601 fidi-{queran-

939 595 1009 630 tum
1019 597 1065 632 est
1077 597 1200 634 efficax.
1218 603 1249 634 Si
1260 602 1303 634 ita
1314 600 1371 638 ess,
1381 615 1449 637 non
1461 615 1546 650 opus
1558 603 1603 638 est
1615 604 1720 639 Chri-

939 644 1022 683 stum
1035 650 1249 694 corporaliter
1262 650 1326 683 edi.
1346 650 1563 698 Respondent
1576 653 1721 701 Magde-

939 693 1115 742 burgenses
1129 720 1138 735 ,
1160 699 1211 732 vel
1233 697 1465 735 definitionem
1484 701 1544 736 effe
1556 701 1721 743 vitiosam.

939 743 991 776 vel
1012 755 1082 778 non
1099 743 1159 779 ess'c
1178 747 1307 792 plenam
1331 750 1472 794 partium
1496 751 1722 786 enumeratio-

939 803 1026 826 nem.
1042 793 1207 829 Maiorem
1220 796 1308 830 enim
1322 808 1390 830 non
1405 798 1463 832 nisi
1478 799 1517 833 de
1530 799 1625 833 nudis
1639 812 1721 846 pro-

938 838 1145 877 missionibus
1166 855 1253 878 extra
1275 847 1479 880 Sacramenta
1492 848 1609 882 volunt
1621 849 1724 883 intel-

938 888 1007 934 ligi.
1020 890 1081 925 Sed
1095 892 1167 937 quis
1181 904 1326 941 vnquam
1338 905 1453 940 praeter
1466 908 1520 929 eos
1531 895 1678 943 spiritum
1689 903 1723 935 &

937 935 1038 972 fidem
1060 939 1078 974 ὲ
1098 942 1315 976 sacramentis
1345 943 1529 991 disiungere
1558 948 1717 981 tentauit?

938 986 1027 1021 Nam
1038 985 1061 1020 si
1072 988 1149 1022 stem
1156 1001 1189 1022 us
1205 1004 1316 1025 corum
1327 992 1447 1038 placito
1461 1016 1470 1031 ‚
1485 993 1528 1028 sic
1539 993 1720 1031 dicendum

936 1036 1245 1083 ,eriupromiffioncs
1256 1039 1357 1088 signis
1367 1053 1503 1076 annexas
1515 1044 1659 1077 carnales
1669 1045 1720 1078 es-

935 1081 968 1118 se
978 1106 990 1124 ,
1009 1089 1042 1123 δι
1059 1083 1204 1121 efficaces
1223 1100 1310 1124 extra
1320 1088 1433 1124 fidem.
1464 1093 1533 1126 lam
1547 1103 1582 1127 vt
1591 1094 1716 1127 centies

935 1144 1068 1179 crepent
1080 1157 1090 1174 ‚
1110 1136 1282 1182 promissio
1295 1137 1491 1174 remissionis
1503 1151 1716 1187 peccatorum

934 1191 1003 1215 non
1013 1180 1100 1218 secus
1110 1196 1146 1218 ac
1157 1187 1421 1222 manducationis
1432 1213 1440 1227 ‚
1457 1190 1573 1224 Coenae
1581 1191 1716 1225 afflone

934 1229 1048 1271 ‚vestita
1065 1231 1110 1266 est
1131 1247 1139 1268 ε
1159 1236 1294 1280 quando
1316 1235 1383 1271 haec
1403 1238 1609 1273 coniunctim
1626 1239 1716 1274 dieta

932 1275 1053 1318 suun&
1065 1280 1268 1329 inseparabili
1283 1297 1364 1319 nexu
1378 1286 1563 1326 cohaerent‚
1587 1281 1654 1322 Hic
1669 1288 1716 1323 est

932 1324 1059 1376 ¹sanguis
1069 1353 1078 1368 ‚
1101 1333 1158 1376 qui
1168 1330 1347 1368 effunditur
1359 1336 1390 1369 in
1404 1334 1624 1370 remissionem
1636 1349 1717 1384 pec—

932 1387 1090 1412 catorum.
1103 1381 1210 1428 Qale
1222 1382 1301 1416 inde
1312 1394 1504 1430 portentum
1514 1384 1714 1425 nascetur,vt

931 1423 998 1460 sine
1019 1425 1086 1461 fide
1108 1429 1280 1476 promissio
1290 1433 1423 1466 carnalis
1434 1434 1706 1472 reconcili-etiao-

930 1474 1037 1508 mines
1051 1476 1130 1511 Deo
1141 1480 1158 1510 ἓ
1182 1489 1354 1527 »vtcunque
1372 1481 1402 1515 se
1422 1482 1514 1516 aliter
1526 1482 1644 1517 sentire
1656 1483 1711 1518 di-

930 1532 1093 1562 cant,mea
1103 1525 1186 1561 nihil
1196 1526 1307 1563 refert.
1322 1529 1422 1564 Certe
1435 1528 1604 1565 insolubili
1617 1532 1712 1566 nodo

929 1582 986 1604 eos
1008 1574 1152 1618 peruersa
1169 1574 1221 1610 sua
1244 1575 1422 1624 speculatio
1443 1579 1605 1623 implicat.
1640 1582 1711 1616 Iam

928 1621 1105 1665 quomodo
1129 1621 1305 1660 secundum
1324 1639 1381 1660 eos
1404 1625 1603 1662 insufficiens
1616 1628 1660 1663 est
1674 1643 1711 1663 e-

927 1670 1116 1706 numeratio
1129 1695 1139 1711 ,
1152 1673 1227 1720 quia
1238 1676 1420 1721 corporalis
1432 1677 1519 1711 affio
1528 1677 1710 1712 omittitur?

927 1716 1109 1762 quasivero
1120 1721 1253 1756 aliunde
1265 1723 1453 1758 aestimanda
1465 1724 1502 1759 slt
1512 1725 1614 1772 quam
1628 1725 1645 1760 a
1657 1728 1710 1761 {ua

925 1766 1161 1811 promissione.v
1185 1770 1278 1817 Qd
1298 1772 1390 1807 enirn
1413 1773 1500 1808 aliud
1520 1774 1566 1808 est
1578 1775 1668 1821 panis
1679 1780 1712 1811 δε

927 1814 1043 1850 vinum
1054 1817 1182 1857 Coenae,
1195 1821 1295 1866 quam
1310 1820 1437 1868 visibile
1451 1822 1587 1858 verbum
1598 1826 1613 1856 ἒ
1627 1836 1707 1872 ergo

927 1860 984 1898 sia
995 1864 1100 1899 verbo
1111 1865 1273 1914 separetur
1284 1869 1392 1904 coena
1403 1893 1414 1910 ‚
1437 1869 1522 1906 nihil
1534 1871 1551 1906 Ξι
1564 1871 1708 1919 profano

926 1913 1026 1958 epulo
1036 1912 1328 1964 differet-Idedque
1338 1917 1458 1953 merito
1472 1921 1708 1956 contendimus

925 1971 995 1995 non
1007 1962 1102 1997 aliter
1120 1961 1326 1999 sentiendum
1338 1967 1378 2001 de
1389 1980 1423 2002 ea
1435 1966 1496 2002 esse
1507 1993 1517 2009 ,
1543 1969 1642 2017 quam
1654 1968 1706 2006 fe-

923 2010 1178 2059 rantEuangelij
1188 2013 1420 2059 promissiones
1431 2039 1441 2056 ‚
1453 2030 1490 2051 ex
1501 2018 1621 2065 quibus
1634 2032 1707 2054 ma—

923 2068 979 2095 nat
997 2060 1156 2107 quicquid
1178 2061 1290 2098 habet.
1316 2064 1364 2099 At
1384 2077 1453 2100 non
1475 2066 1575 2102 debet
1592 2068 1707 2104 diuelli

923 2106 1095 2153 promiffio
1103 2108 1279 2155 spiritualis
1288 2117 1321 2148 &
1331 2116 1511 2160 corporalis
1524 2116 1704 2151 esusmihi-

922 2156 957 2190 lo
967 2157 1054 2192 certe
1067 2159 1170 2205 magis
1182 2159 1280 2205 quam
1295 2160 1376 2196 fides
1389 2167 1421 2198 δι
1433 2163 1571 2198 verbum
1583 2165 1706 2213 abipso

923 2216 1058 2241 externo
1069 2205 1256 2254 sign0,durn
1271 2211 1471 2246 Sacramenti
1485 2226 1608 2247 nomen
1623 2227 1706 2261 pro-

922 2256 1072 2300 ponitur.
1098 2255 1161 2290 Sed
1181 2259 1362 2304 corporalis
1376 2259 1444 2295 esus
1456 2262 1550 2296 aliter
1562 2262 1704 2299 definie-

921 2314 1111 2350 tur,nempe
1122 2315 1159 2338 ex
1169 2304 1453 2351 promiffioneAEn
1464 2323 1520 2344 cur
1530 2309 1703 2346 i'entetiam

923 2349 1053 2389 anobis
1062 2365 1131 2386 non
1141 2353 1218 2388 vert}
1228 2355 1332 2390 minus
1342 2380 1353 2396 ,
1366 2351 1466 2405 quam
1481 2359 1606 2393 vtiliter
1617 2371 1699 2405 pro-

922 2398 1020 2450 latam
1032 2402 1210 2448 exagitent,
1219 2403 1392 2439 Materiam
1405 2406 1494 2453 panis
1505 2412 1536 2442 &
1549 2408 1616 2441 vini
1630 2421 1702 2444 non

922 2447 1035 2482 asterre
1046 2449 1144 2484 nobis
1158 2450 1351 2493 Christum,
1369 2454 1420 2488 sed
1433 2457 1536 2502 magis
1548 2453 1700 2502 spectan-

924 2494 998 2530 dam
1009 2495 1070 2531 effe
1079 2498 1340 2545 promissionem.
1356 2502 1536 2538 Obiiciunt
1547 2506 1700 2551 copulata

923 2542 983 2578 effe
994 2557 1065 2592 quae
1075 2540 1270 2584 diuellirnus.
1295 2549 1365 2584 im&
1379 2551 1491 2586 dextre
1502 2551 1519 2586 ἃ
1532 2552 1630 2588 nobis
1641 2567 1700 2589 ex-

922 2593 1060 2638 plicatur
1077 2597 1202 2644 copulae
1221 2600 1304 2633 ratio
1317 2622 1325 2638 ‚
1347 2599 1424 2634 dum
1437 2613 1616 2637 monemus
1627 2616 1698 2639 non

921 2639 1120 2689 inspicienda
1141 2644 1299 2681 effenuda
1311 2648 1473 2683 elementa
1484 2672 1494 2689 ,
1514 2662 1585 2697 quae
1596 2664 1654 2698 per
1666 2651 1698 2688 se

921 2689 1006 2725 nihil
1022 2689 1162 2730 facerent
1178 2696 1217 2730 ad
1229 2695 1426 2743 spiritualem
1441 2699 1542 2732 vitam
1556 2723 1567 2740 ,
1591 2701 1644 2735 sed
1655 2702 1698 2737 ad

921 2739 1014 2774 verbi
1032 2743 1123 2789 quod
1139 2743 1414 2792 illicinsculptum
1427 2746 1472 2781 est
1483 2748 1608 2782 intumi
1620 2762 1696 2784 ver-

921 2788 1039 2833 tendos
1056 2789 1115 2826 esse
1124 2794 1250 2826 oculos.
1279 2795 1400 2828 Panem
1413 2799 1446 2830 ἃς
1457 2797 1570 2831 vinum
1583 2797 1604 2831 si
1621 2799 1696 2845 quis

921 2835 939 2869 a
957 2838 1066 2876 Coena
1079 2839 1237 2879 abiiciens
1257 2847 1269 2882 (
1287 2852 1323 2876 vt
1344 2840 1490 2880 fanaticis
1502 2845 1697 2893 quibusdam

921 2889 1085 2936 contigit)
1097 2891 1306 2937 allegoricam
1319 2892 1462 2927 Coenam
1477 2892 1610 2933 faceret,
1624 2908 1695 2931 non

920 2936 1048 2982 prorsus
1061 2937 1119 2978 abs
1129 2951 1163 2973 re
1180 2938 1480 2988 Magdeburgenses
1492 2943 1639 2978 dicerent
1651 2943 1695 2979 si·-

921 2995 1022 3031 gnum
1032 2984 1091 3022 esse
1102 2986 1239 3022 visibile.
1260 2989 1353 3033 Qid
1364 3001 1473 3025 autern
1484 2990 1550 3026 >hoc
1561 2993 1600 3026 ad
1614 3005 1692 3033 nos,-

920 3033 1040 3080 quibus
1057 3035 1263 3083 propositum
1285 3038 1328 3071 est
1344 3037 1517 3075 ostendere
1529 3041 1616 3075 vnde
1631 3054 1693 3088 pe-

919 3084 1018 3119 tenda
1031 3083 1069 3120 sit
1081 3085 1200 3120 vtilitas
1211 3083 1378 3133 signorum
1391 3105 1402 3126 ‚-
1424 3101 1465 3122 ne
1477 3102 1513 3124 ex
1525 3091 1700 3137 corrupti··

919 3130 980 3166 bili
996 3144 1112 3168 eorum
1130 3143 1242 3167 natura
1261 3146 1429 3182 perperam
1445 3137 1486 3172 de
1498 3151 1608 3172 eorum
1621 3141 1701 3173 vir-¹

919 3188 988 3215 tute
998 3182 1157 3218 iudicium
1167 3179 1226 3216 fiat·
1239 3186 1253 3216 ἓ
1279 3184 1370 3232 Ergo
1381 3196 1417 3219 vt
1427 3197 1501 3221 vera
1515 3210 1525 3226 ‚
1535 3191 1568 3224 δι
1577 3183 1696 3222 efficax·

917 3228 1209 3277 sitsignificarim&
1219 3231 1413 3268 exhibeatur
1424 3236 1700 3282 veritazpiorum*

917 3276 1024 3315 sensus
1049 3290 1243 3323 reticeamus
1260 3281 1301 3317 ad
1319 3281 1585 3330 promissionem.
1619 3285 1691 3332 quo
