2113 3674
331 152 338 172 Ι

233 216 299 252 70²
611 194 1032 232 REFVTATIO
1104 191 1457 229 ERRORVM

219 266 313 301 dono
332 262 397 299 tibi
409 260 500 310 quod
513 259 585 306 plus
599 255 698 291 sumis
720 257 819 303 quam
830 267 916 291 extet
927 256 1014 303 apud

219 315 370 350 Paulum.
394 312 522 347 Solutio
537 319 608 342 mea
622 305 679 344 est,
694 307 788 352 quod
800 305 912 352 inepte
924 304 1016 344 fat-is,

221 376 259 399 ac
279 359 469 408 importune
489 381 500 397 ,
519 357 575 404 qui
595 356 634 390 ad
663 357 816 402 prruulos
840 355 1017 401 detorques

223 412 317 460 quod
329 412 368 446 de
380 408 497 444 adultis
509 405 661 453 praedicat
674 405 854 452 Apostolus
865 428 874 444 ‚
889 407 961 451 Q
972 405 1017 438 n6

223 461 370 497 laborat,
385 469 452 492 non
466 455 654 489 manducet.
678 454 769 502 Ergo
781 452 866 489 fame
885 465 1019 502 pereant

224 508 366 546 infantes
379 506 435 553 qui
452 504 559 539 adhuc
572 502 691 551 sugunt
704 504 815 538 matris
831 502 941 537 vbera.
954 505 1016 540 Ite,

224 558 398 605 praedicate
411 551 565 589 vniuersae
578 563 738 587 creaturae.
762 553 853 601 Ergo
862 553 1017 598 Euange-

225 607 307 641 lium
321 602 504 639 infantibus
518 603 722 649 praedicetur.

272 656 386 702 Negas
415 653 566 699 exemplo
592 649 717 686 Christi
740 651 811 698 plus
830 648 929 683 nobis
942 659 1017 694 per-

226 705 318 739 mitti
329 703 430 750 quam
444 713 480 736 vt
490 699 705 747 impositione
718 701 841 734 manufi
852 698 937 733 Patri
950 708 1016 730 coe-

225 753 297 789 sesti
311 749 587 787 commendemus
601 749 765 796 paruulos.
789 748 863 793 Ego
876 747 950 780 aute
962 757 1018 778 ex-

224 801 360 838 aduerso
371 800 437 836 tibi
449 798 751 846 responde0‚quum
766 795 935 844 impositio
947 805 1017 828 ma-

226 864 332 887 nuum
344 849 478 884 solenne
498 847 536 882 sit
551 846 738 893 symbolum
756 843 1017 882 benediffionis,

226 901 341 936 eadem
362 899 491 934 ratione
515 894 720 942 Baptismum
740 896 803 930 illis
828 892 1018 929 conuenire.

225 952 316 986 Nam
330 948 412 984 illud
428 960 521 982 tuum
534 947 590 980 De
601 943 736 980 occursu
747 945 832 979 malo
845 967 855 984 ‚
869 939 1018 977 haustum

227 999 273 1035 est
284 1012 320 1033 ex
332 996 408 1032 faece
419 1000 570 1042 Papatus.

266 1046 414 1096 Qndo
427 1042 598 1091 Baptismo
613 1054 687 1078 curn
704 1043 809 1077 Coena
822 1039 958 1073 eandem
969 1035 1031 1072 es->

226 1096 258 1132 se
270 1095 457 1142 analogiam
469 1092 635 1129 confiteor
653 1103 725 1139 quae
738 1088 833 1125 fuerit
844 1089 925 1122 olim
940 1088 1019 1121 Cir-

225 1143 413 1181 cuncisioni
426 1155 500 1177 cum
514 1139 635 1176 Pesah:
656 1152 751 1189 rogas
770 1150 825 1173 cur
847 1136 1020 1183 baptizatis

226 1207 298 1230 non
312 1194 406 1230 detur
421 1193 529 1228 Coena
541 1189 645 1229 ,sicut
657 1200 735 1224 tunc
748 1185 947 1223 circuncisis
961 1185 1020 1220 da-

227 1241 444 1279 baturPesah.
466 1239 666 1288 Respondeo
679 1239 724 1273 ita
741 1237 820 1271 dari.
833 1248 906 1269 nam
922 1233 1022 1269 verba

227 1291 339 1340 Moysi
350 1293 394 1326 ita
406 1289 543 1329 habent,
559 1288 673 1333 Quum
688 1285 967 1332 interrogauerint
978 1283 1021 1317 fi-

227 1342 263 1387 lij
277 1343 339 1380 tui,
349 1345 381 1377 Sc
393 1339 468 1374 filiae
480 1349 554 1376 tuae,
565 1337 660 1386 Qd
672 1336 731 1371 fibi
747 1334 811 1368 hoc
823 1334 917 1369 vult?
930 1334 1020 1367 Nar-

204 1403 205 1413 *
227 1390 318 1426 rabis
326 1387 530 1424 beneficium
551 1388 619 1422 Dei
630 1385 688 1421 tui.
721 1380 820 1418 Pesah
840 1383 940 1431 igitur
952 1391 1021 1416 non

227 1439 423 1487 simpliciter
435 1449 612 1473 commune
625 1434 685 1470 fuit
705 1433 837 1479 epulum
852 1433 1021 1471 omnium,

227 1487 283 1524 sed
305 1500 421 1523 eorum
443 1485 501 1533 qui
520 1484 645 1519 iam-ad
660 1480 882 1529 recipiendam
894 1480 1023 1515 doetri-

227 1550 304 1573 nam
316 1546 406 1572 erant
418 1533 545 1570 idonei.

227 1619 229 1621 ,
281 1583 469 1620 concludis
480 1579 669 1630 aequiparari
691 1579 757 1614 duo
782 1578 849 1613 haec
862 1576 1022 1626 symbola,

228 1634 282 1670 sed
293 1632 360 1669 sine
369 1634 510 1668 ratione.
534 1629 623 1666 Mihi
635 1640 743 1663 autem
757 1627 885 1662 constat
894 1628 1024 1675 optima

227 1683 314 1721 ratio
327 1688 357 1720 &
368 1682 481 1719 solida,
496 1693 554 1715 cur
565 1674 738 1714 discrimen
754 1678 899 1713 statuam.
913 1688 1025 1723 neque

228 1733 320 1770 enim
341 1732 365 1766 fi
387 1732 428 1766 de
449 1729 568 1766 adultis
589 1726 820 1776 pronuntiauit
837 1727 1023 1765 Dominus,

228 1780 351 1819 renasci
363 1791 520 1828 oportere
531 1790 569 1813 ex
579 1789 661 1825 aqua
675 1780 707 1812 &
723 1775 858 1822 Spiritu,
873 1773 1026 1822 priusqua

228 1831 357 1867 intrent
368 1831 402 1864 in
416 1840 553 1877 regnum
567 1827 645 1861 Dei:
666 1824 901 1860 continuotibi
911 1824 1026 1858 licebit

228 1880 271 1916 ad
281 1879 434 1927 paruulos
447 1874 630 1914 transferre,
638 1884 674 1908 vt
685 1874 811 1908 dietum
821 1872 878 1908 est.
889 1873 1026 1908 Deinde

229 1927 476 1976 expositionem
488 1937 578 1961 tuam
597 1935 653 1958 cur
676 1922 846 1969 repudiem
858 1945 869 1962 ,
881 1922 1024 1957 ostendi.

229 1977 459 2024 Tertioxquos
476 1972 630 2022 paruulos
643 1972 813 2005 Dominus
830 1983 868 2005 ex
890 1971 949 2005 hac
960 1971 1028 2006 vita

231 2027 413 2074 recolligit,
423 2037 492 2059 non
504 2021 626 2057 dubito
638 2019 819 2068 regenerari
828 2031 940 2053 arcana
950 2021 1025 2066 Spi-

232 2078 315 2112 ritus
328 2075 533 2122 operatione.
553 2073 592 2104 In
603 2070 673 2104 aliis
686 2069 754 2116 agit
765 2080 825 2115 pro
837 2068 938 2102 aetatis
950 2073 1028 2102 mo-

236 2118 332 2162 dos&
343 2125 388 2158 ita
397 2123 468 2171 agit
479 2145 489 2161 ‚
511 2131 547 2154 vt
560 2117 679 2159 nonsit
691 2119 787 2152 inane
800 2116 1028 2151 renouationis

234 2172 467 2223 'signum-Ideo
480 2179 587 2205 autern
602 2168 685 2201 inter
696 2164 899 2213 Baptismum
908 2166 1029 2201 &Cce-

239 2236 315 2258 nam
329 2220 492 2259 discerno,
504 2219 579 2265 quia
593 2217 707 2251 Coenae
718 2214 789 2249 vsus
800 2214 876 2249 huic
891 2215 1028 2250 manda-

110 2289 224 2314 1.Cor.11
238 2283 275 2307 to
287 2266 615 2318 astringitur-,Probet
629 2262 765 2311 seipsum
775 2262 1030 2303 homo‚&c.Ba-

235 2315 377 2369 ptismus
391 2318 518 2365 signum
531 2314 576 2350 est
586 2312 974 2360 adoptionis,commune
987 2325 1029 2346 o-

239 2369 376 2406 mnibus
393 2366 469 2402 filiis
481 2365 549 2400 Dei
562 2387 573 2403 ,
593 2363 678 2397 inter
690 2373 774 2408 quos
786 2359 926 2396 infantes
939 2365 976 2395 e'x
985 2360 1030 2396 fi-

235 2418 370 2454 delibus
384 2417 516 2464 genitos
527 2423 683 2447 numero:
702 2413 780 2458 quia
790 2423 827 2445 ex
838 2409 946 2444 radice
958 2408 1030 2444 san-

241 2468 291 2503 ἃει
303 2466 374 2517 sunt
385 2463 467 2499 rami
477 2461 575 2497 sansti
588 2474 596 2495 ι
608 2472 676 2494 non
687 2471 805 2494 naturae
816 2458 952 2507 quidem
966 2471 1029 2506 pu-

226 2518 337 2552 *ritate
351 2524 422 2562 quae
434 2523 509 2547 tota
530 2507 646 2545 vitiosa
657 2507 702 2543 est
715 2532 724 2548 ‚
744 2520 779 2542 ac
793 2509 943 2543 damnata
955 2521 962 2541 :
974 2505 1028 2543 sed

239 2564 492 2613 superueniente
503 2557 635 2595 foederis
647 2557 747 2605 gratia
757 2580 767 2596 ‚
781 2569 851 2604 quae
865 2561 895 2597 δι
908 2568 1030 2599 naturae

237 2610 469 2650 maledictioni
485 2607 643 2647 medetur,
656 2611 688 2643 &
699 2604 804 2641 salutis
817 2604 941 2641 causam
953 2606 988 2641 in
997 2605 1031 2641 se

238 2660 400 2699 inclusam
410 2660 575 2695 continet.
944 2698 951 2700 Α

243 2737 245 2739 -
289 2709 396 2758 Qd
408 2721 462 2744 me
472 2717 567 2755 rogas
578 2715 614 2740 vt
623 2703 689 2741 ,tibi
701 2702 741 2737 de
749 2702 817 2736 aliis
830 2714 965 2750 quoque
975 2714 1030 2738 ca-

237 2760 370 2809 pitibus
382 2756 608 2805 respondeam:
621 2753 654 2789 id
664 2747 803 2790 facet5‚si
816 2749 937 2798 possem
952 2751 1030 2786 bre-

239 2811 338 2845 uiter.
363 2819 471 2854 neque
483 2805 573 2840 enim
591 2801 662 2839 satis
674 2801 790 2836 diuino
803 2800 881 2847 quid
897 2801 1031 2848 proprie

239 2856 531 2902 derideresMagis
542 2862 651 2889 autem
665 2849 733 2886 sum
745 2860 920 2895 occupatus
930 2849 1031 2898 quam

240 2918 278 2942 vt
289 2906 352 2942 tibi
361 2906 516 2940 vnivacet
527 2902 631 2938 libros
640 2901 789 2947 integros
801 2897 1031 2933 scribere.De-

241 2956 321 2992 inde
334 2954 418 2990 nihil
431 2952 546 3001 quaeris
572 2949 666 2999 quod
676 2960 744 2983 non
757 2948 894 2992 reperias
913 2948 947 2982 in
959 2960 1032 2983 mea

239 3001 493 3042 Institutione‚si
507 3001 599 3035 illinc
610 3009 719 3048 petere
731 2994 841 3030 libeat.
855 2998 1032 3044 Qaquam

240 3053 349 3089 labori
361 3065 431 3087 non
441 3062 620 3099 parcerem,
631 3046 655 3083 si
668 3045 750 3082 mihi
761 3054 859 3079 notus
872 3043 947 3080 esset
959 3043 1032 3080 sco-

240 3116 303 3151 pus
314 3102 384 3150 quo
404 3101 524 3136 tendis.
545 3100 647 3134 Nunc
659 3106 769 3132 autem
792 3104 947 3140 quantam
969 3094 1033 3140 sylss

237 3165 316 3190 ‚uam
332 3151 507 3200 ingrediar,
522 3147 719 3184 ss'traetanda
731 3153 921 3197 argumenta
935 3141 1032 3178 susci-

241 3202 344 3250 piam,
355 3211 426 3248 quae
436 3201 483 3234 vis
497 3197 559 3234 tibi
569 3195 720 3243 explicari
731 3195 744 3227 ?
756 3192 816 3228 Vis
833 3202 868 3225 vt
877 3191 939 3225 nbi
949 3191 1033 3227 defi-

240 3254 332 3286 niam
342 3261 412 3298 quae
423 3249 462 3284 fit
475 3260 549 3282 vera
561 3243 777 3281 fidesziustum
785 3240 845 3275 erit
857 3241 1025 3276 volumen.

241 3299 286 3336 Et
296 3311 408 3336 tamen
417 3298 452 3335 id
469 3298 533 3334 erit
550 3296 661 3332 astum
670 3303 787 3341 agere:
799 3290 876 3339 quia
892 3290 984 3339 quod
994 3290 1035 3325 de

1064 253 1144 289 fidei
1167 264 1278 287 natura
1290 265 1498 302 perceperam
1514 278 1524 294 ,
1543 254 1576 290 id
1589 255 1694 291 studui
1713 255 1856 293 fideliter

1065 308 1096 338 ἃ
1109 302 1191 336 clare
1203 303 1339 336 tradere.
1353 305 1465 352 Rogas
1478 306 1618 352 qualiter
1631 308 1856 353 regeneratio—

1066 353 1115 386 nis
1141 352 1262 398 Spiritu
1287 351 1491 388 viuificetur.
1533 356 1615 398 Qae
1635 355 1762 389 locutio
1784 357 1856 403 pri-

1067 400 1159 434 mum
1171 401 1273 435 aliena
1284 399 1329 435 est
1339 400 1378 434 ab
1395 399 1448 436 vsu
1460 404 1648 449 Scripturae:
1663 404 1783 439 deinde
1796 404 1858 440 fal-

1067 448 1136 483 sum
1149 460 1377 484 commentum
1389 450 1509 498 resipit:
1523 452 1608 497 quali
1623 455 1761 500 Spiritus
1774 455 1859 489 ado·

1068 499 1195 545 ptionis
1209 509 1371 547 mortuam
1393 499 1494 534 fidem
1506 499 1615 535 affem
1635 525 1644 539 ‚
1672 514 1743 549 quae
1760 503 1862 538 vitam

1068 547 1189 582 deinde
1204 558 1370 582 mutuetur
1381 548 1398 582 :i
1410 551 1669 596 regeneratione.
1704 554 1791 586 Vera
1801 565 1862 587 au-

1010 614 1013 617 ·
1066 607 1136 631 tem
1156 595 1238 630 fides
1262 595 1431 632 Christum
1454 597 1701 645 apprehendere
1713 612 1781 635 non
1794 613 1860 648 po-

1068 643 1362 686 testiniustitiarn,
1383 648 1463 694 quin
1482 647 1860 695 simulapprehendatin

1067 692 1375 729 sanctificationem.
1389 698 1503 745 Itaque
1512 697 1591 744 quid
1604 696 1667 732 tibi
1681 699 1775 737 velis,
1788 711 1859 734 non

1067 741 1264 790 assequerer,
1282 742 1342 777 nisi
1366 756 1533 792 v.tcunque
1543 746 1607 781 tuis
1627 746 1749 781 delitiis
1761 746 1860 783 essem

1067 789 1463 840 assuefactus.ignosce:ita
1472 807 1519 829 res
1532 807 1584 829 me
1595 795 1687 843 loqui
1698 796 1858 844 cogit.E-

1067 853 1112 888 go
1125 851 1158 875 te
1168 853 1228 876 nec
1237 842 1309 881 odi,
1323 854 1382 876 nec
1396 854 1591 883 contemne,
1604 857 1665 879 nec
1677 846 1789 879 durius
1800 846 1857 880 in-

1067 890 1177 925 sectari
1192 891 1410 937 velim.Atqui
1425 891 1544 927 ferreus
1553 892 1686 932 sim,nis1
1698 906 1857 929 commo-

1066 951 1153 978 near,
1165 941 1267 985 quum
1282 950 1314 972 te
1322 938 1401 975 sanae
1412 941 1571 976 doftrinae
1586 952 1675 977 tanta
1690 944 1859 991 proteruia

1067 987 1219 1023 insultare
1232 987 1344 1022 video.

1114 1038 1264 1072 Nemine
1276 1036 1341 1070 sine
1361 1036 1578 1082 promiffione
1591 1039 1756 1074 iustificari
1775 1052 1861 1076 con-

1068 1086 1164 1120 cedo.
1191 1085 1319 1121 Verum
1332 1109 1341 1124 ‚
1356 1085 1378 1120 si
1393 1086 1471 1120 inde
1483 1085 1601 1122 inferas
1613 1100 1680 1122 non
1692 1088 1862 1125 iustificari

1067 1135 1223 1182 paruulos
1235 1158 1244 1175 ,
1255 1135 1331 1182 quia
1343 1133 1594 1182 promissionem
1607 1139 1654 1171 τιὸ
1665 1139 1864 1185 percipiant,

1069 1186 1181 1230 inepta
1200 1185 1260 1218 erit
1282 1183 1530 1232 consequentia.
1569 1186 1692 1234 Neque
1711 1188 1800 1222 enim
1819 1186 1863 1222 ad

1068 1231 1156 1280 ipsos
1166 1233 1354 1281 diriguntur
1371 1231 1595 1281 promissionis
1608 1235 1728 1277 verba,
1748 1235 1801 1272 red
1819 1235 1861 1272 ad

1069 1293 1188 1330 patres.

1081 1341 1100 1359 ⁴>
1116 1333 1234 1366 Homo
1245 1330 1394 1365 internus
1404 1332 1506 1366 Paulo
1525 1343 1595 1366 non
1608 1329 1772 1378 fignificat
1793 1331 1862 1367 ho-‘

1070 1379 1198 1416 minem
1209 1391 1348 1418 nouum,
1364 1380 1649 1428 quemadmodum
1663 1391 1768 1427 putas.
1787 1383 1862 1417 Vee

1070 1427 1167 1469 nim,
1180 1426 1294 1463 omiffa
1309 1429 1403 1464 verbi
1415 1428 1657 1468 controuersia,
1671 1428 1695 1463 fi
1705 1430 1814 1477 cupias
1824 1441 1864 1466 ert

1071 1490 1125 1512 me
1138 1477 1258 1513 discere
1269 1478 1343 1525 quis
1354 1477 1391 1513 fit
1404 1478 1510 1514 homo
1521 1480 1652 1527 genitus
1665 1491 1701 1513 ex
1711 1479 1801 1514 Deo:
1809 1492 1865 1515 re·-

1072 1527 1176 1573 peries
1207 1528 1336 1573 plenam
1358 1531 1425 1562 eius
1445 1528 1491 1562 rei
1512 1527 1747 1563 definitionem
1764 1530 1799 1565 in
1812 1528 1864 1575 seq

1073 1576 1183 1610 cundo
1196 1576 1422 1611 Institutionis
1435 1577 1553 1624 capite.

1122 1626 1215 1659 Dico
1229 1625 1355 1660 animas
1380 1625 1506 1660 nostras
1527 1637 1686 1672 quatenus
1704 1624 1771 1660 fide
1790 1624 1865 1663 sune

1073 1674 1331 1717 renouatae,vere
1343 1676 1377 1709 in
1388 1675 1497 1710 Coena
1507 1676 1549 1709 ali
1563 1675 1580 1710 a
1591 1673 1802 1710 Christoznec
1813 1673 1866 1709 es-

1073 1722 1104 1757 se
1114 1723 1341 1771 imaginariam
1353 1724 1420 1759 illic
1440 1724 1748 1759 communicatione
1759 1722 1866 1760 Chri-

1072 1770 1182 1812 sti,sed
1195 1784 1320 1807 veram.
1840 1815 1843 1819 ,

1123 1823 1206 1862 Quae
1216 1819 1311 1856 fuerit
1345 1820 1424 1856 tatia
1435 1820 1595 1856 aduentus
1607 1820 1867 1868 christi‚&quid

1074 1868 1093 1905 ὲ
1103 1869 1255 1905 Patribus
1268 1834 1454 1905 difl{ramus
1466 1889 1477 1909 ,>
1497 1871 1636 1916 reperies
1650 1871 1684 1904 in
1705 1871 1812 1916 capite
1823 1870 1868 1906 de

1073 1919 1204 1959 Veteri,
1216 1924 1248 1955 &
1265 1920 1372 1954 Nouo
1383 1917 1611 1953 Testamento.
1630 1918 1723 1953 Faxit
1733 1919 1866 1954 Domi-

1075 1979 1137 2002 nus
1150 1979 1186 2002 vt
1204 1967 1356 2015 deposito
1368 1964 1542 2014 supercilio
1561 1965 1714 2003 sustineas
1725 1966 1865 2003 humilis

1076 2015 1138 2052 esse
1151 2016 1297 2051 veritatis
1311 2015 1500 2063 discipulus.

1078 2092 1082 2095 »
1098 2085 1100 2090 -
1124 2067 1205 2100 Hoc
1216 2075 1319 2113 puto,
1333 2065 1470 2099 euidens
1483 2063 1611 2112 signum
1623 2062 1684 2099 fuit
1701 2061 1865 2112 praefraffl

1076 2117 1109 2150 &
1128 2113 1343 2148 indomabilis
1360 2113 1491 2161 spiritus
1502 2136 1513 2153 ,
1529 2111 1625 2160 quod
1642 2113 1772 2148 tantum
1784 2113 1869 2151 diris

1077 2162 1189 2209 postea
1198 2167 1230 2199 &
1243 2161 1505 2197 execrationibus
1520 2161 1685 2209 agendum
1697 2161 1758 2197 fibi
1767 2173 1867 2210 puta-

1078 2211 1138 2245 uit.
1163 2211 1262 2247 Certe
1274 2209 1411 2245 verbum
1423 2210 1570 2245 Domini
1587 2208 1678 2246 foede
1688 2223 1750 2258 pro
1760 2211 1811 2247 sua
1821 2212 1867 2246 li-

1077 2258 1194 2294 bidine
1206 2258 1403 2306 discerpenS,
1415 2257 1499 2293 clare
1509 2258 1666 2299 ostendit,
1681 2257 1793 2308 susque
1803 2259 1867 2297 de-

1077 2320 1142 2355 que
1154 2307 1213 2343 fibi
1227 2306 1286 2342 effe
1299 2317 1403 2342 totam
1415 2307 1612 2355 religionem
1625 2331 1635 2348 ,
1647 2309 1753 2344 modo
1764 2320 1867 2358 petu—v

1077 2357 1185 2391 lantiae
1197 2354 1256 2391 suae
1269 2368 1398 2392 morem
1411 2367 1550 2405 gereret.
1567 2356 1706 2398 Adbaec,
1717 2358 1867 2406 qualede

1078 2418 1119 2440 eo
1136 2405 1272 2440 homine
1283 2406 1443 2440 iudicium
1457 2403 1609 2446 feremus,
1624 2405 1751 2442 cuihoc
1759 2417 1866 2443 vnum

1077 2453 1168 2489 fuisse
1180 2453 1385 2502 propositum
1397 2454 1504 2501 palam
1517 2453 1616 2494 est‚vt
1627 2455 1787 2503 quicquid
1800 2465 1866 2490 vn-

1077 2516 1176 2551 quam
1190 2504 1231 2538 de
1241 2503 1404 2552 religione
1416 2503 1572 2538 traditum
1583 2500 1659 2544 fuir,
1669 2504 1759 2538 nullo
1766 2503 1867 2539 adhi-

1078 2552 1153 2587 bito
1166 2553 1297 2588 deledstu
1313 2551 1535 2592 conuelleret‚
1555 2550 1616 2587 nisi
1635 2551 1718 2588 hanc
1727 2551 1866 2600 captasse

1077 2601 1200 2636 laboris
1211 2599 1258 2636 sui
1271 2601 1511 2639 mercedem,vt
1519 2600 1638 2636 talibus
1647 2598 1756 2635 offusis
1768 2611 1864 2637 tene-

1078 2650 1299 2689 brismmnem
1312 2649 1496 2684 diuinitatis
1504 2648 1631 2685 sensum
1642 2661 1680 2684 ex
1690 2648 1867 2685 hominum
1898 2654 1903 2657 ’

1078 2699 1241 2734 memoria
1252 2698 1397 2733 deleret?
1422 2697 1523 2734 Certe
1534 2696 1867 2746 quanquamhaereti-

1078 2760 1136 2783 cos
1148 2747 1332 2796 praecipites
1340 2747 1408 2795 agit
1419 2748 1470 2781 sua
1482 2746 1641 2794 superbia:
1652 2746 1697 2783 est
1706 2757 1815 2783 tamen
1829 2758 1866 2784 vt

1079 2798 1261 2845 plurimum
1282 2796 1426 2831 admixta
1445 2796 1594 2844 quaedam
1612 2796 1786 2831 temulenti
1802 2797 1866 2833 zeli

1078 2846 1306 2893 intemperies.
1327 2846 1408 2881 Vita
1418 2855 1527 2880 autem
1542 2845 1667 2881 Serueti
1684 2845 1790 2893 magis
1803 2843 1866 2882 fuit

1079 2894 1230 2930 dissoluta
1241 2917 1252 2934 ,
1264 2893 1364 2942 quam
1378 2902 1413 2928 vt
1424 2892 1575 2941 suspicari
1587 2895 1693 2932 liceat,
1705 2905 1814 2929 errore
1823 2894 1866 2930 ad

1079 2942 1276 2978 turbandam
1290 2940 1468 2978 Ecclesiam
1487 2938 1774 2991 fuisseimpulsum.
1794 2944 1866 2978 Ita-

1080 3005 1147 3040 que
1159 2993 1183 3028 ἆ,
1195 2990 1371 3028 Iudicibus'
1381 2992 1415 3028 in
1438 3004 1564 3027 earcere
1583 3001 1714 3039 rogatus
1736 2997 1864 3039 (quum

1080 3040 1187 3076 crassis
1210 3039 1497 3089 superstitionibus
1515 3053 1549 3076 re
1577 3040 1642 3088 ipsa
1664 3038 1866 3078 subscribere

1080 3092 1218 3136 nunqua
1229 3088 1571 3130 dubitasset,liberiore
1578 3089 1675 3124 etiam
1686 3089 1868 3139 ipdulgen-

1081 3140 1124 3174 tia
1138 3151 1201 3187 prae
1214 3137 1244 3174 se
1256 3136 1376 3174 tulisset
1396 3152 1464 3175 non
1483 3149 1685 3185 magnopere
1703 3137 1764 3184 sibi
1782 3150 1865 3174 curae

1082 3187 1144 3223 esse
1160 3190 1226 3224 Dei
1239 3189 1366 3224 cultum
1381 3193 1395 3229 )
1418 3188 1507 3236 vnde
1517 3187 1563 3222 illi
1579 3197 1687 3222 tantus
1701 3186 1812 3222 feruor
1821 3184 1866 3223 ad

1082 3250 1131 3272 res
1145 3237 1331 3273 nouandas:
1345 3236 1531 3272 obmutuit-⁴
1540 3247 1601 3269 nec
1612 3234 1684 3271 sane
1695 3249 1761 3273 erat
1770 3235 1866 3285 quod

1082 3286 1207 3324 diceret
1219 3285 1281 3323 nisi
1291 3285 1321 3322 se
1331 3286 1366 3321 in
1375 3285 1474 3322 'rebus
1493 3283 1585 3320 sacris
1595 3282 1865 3329 fuitseaudacenss

1775 3331 1867 3383 quasi
