2113 3674
602 181 814 217 PRAEF.

155 246 306 280 ordinem
322 242 525 290 redigerem:
544 243 635 276 cuius
652 243 788 289 quidem
810 241 935 276 summa

151 298 324 341 excepta&
345 292 480 326 collecta
499 291 574 325 ante
595 290 708 325 fuerat.
737 292 848 337 Qire
867 290 933 324 haec

148 344 270 377 concio
281 340 447 378 ostendit,
460 352 578 385 quanm
591 339 625 374 sit
644 339 851 386 ingratitudo
863 351 932 373 tur-

146 388 302 438 pituddq3
314 401 428 423 eorum
448 411 458 427 ‚
469 388 587 435 quibus
599 390 690 423 Deus
702 388 871 422 veritatem
884 389 930 422 E-

144 439 286 487 uangelij
298 438 342 472 sui
354 438 539 475 declarauit,
550 440 618 483 qust
632 438 670 470 iis
684 437 882 482 Papistarum
895 449 930 470 a-

143 485 431 527 bominationibus
443 484 472 519 se
485 485 648 533 polluunt,
659 496 728 531 quae
739 486 756 519 εὶ
767 484 930 519 Christia-

142 549 184 571 na
198 535 360 583 religione
380 534 600 580 maximopere
612 533 810 568 abhorrent:
826 545 929 579 quum

142 583 319 633 praesertim
339 596 379 617 co
397 583 493 630 pasto
510 583 628 617 Filium
640 583 726 619 Dei,
746 582 762 616 :i
778 594 846 629 quo
858 580 929 617 sunt

141 633 319 680 redempti,
331 644 489 680 quantum
503 632 639 679 quidem
651 633 684 665 in
698 629 772 677 ipsis
786 630 830 665 est
843 653 852 669 ‚
867 629 926 664 ab·

141 693 275 729 negent.
293 681 583 727 Qoniamautem
594 679 741 714 fieri-non
755 680 858 725 potest
871 702 881 717 ‚
895 690 929 714 vt

141 730 249 765 homo
261 729 462 764 Christianus
473 730 587 763 viuens
597 727 654 764 sub
672 726 929 774 Antichristity-

141 776 359 814 rannide‚fiue
370 776 605 824 persecutionis
619 777 765 824 periculo
776 786 885 810 veram
897 781 930 812 δι

141 827 252 862 viuam
266 825 345 860 fidei
357 826 415 860 suae
431 823 667 861 confessionem
690 825 764 859 edat
775 846 785 864 ‚
798 825 930 859 adiunxi

142 877 275 911 alteram
289 877 503 913 concionem,
517 875 550 908 in
562 886 625 922 qua
640 878 671 909 &
687 872 798 907 fideles
811 874 928 907 admo-

143 934 317 962 nentur,vt
329 922 494 958 honorem
506 921 700 969 cultt'tmque
709 923 775 956 Dei
787 920 837 969 sue
849 935 930 969 pro-

143 973 220 1021 pria:
232 973 306 1006 vitae
317 982 521 1018 anteponant
533 995 542 1010 ‚
560 976 591 1008 &
605 982 718 1005 contra
728 983 843 1004 omnes
855 981 931 1005 ten-

142 1022 287 1057 tationes
298 1019 547 1055 confirmcntur.
577 1021 619 1054 Et
630 1019 715 1054 certe
725 1019 817 1068 quod
830 1020 928 1066 pleri-

142 1083 209 1119 que
229 1065 403 1104 absurdum
419 1068 478 1104 effe
500 1068 694 1103 arbitrantur
713 1089 723 1107 ‚
745 1067 836 1114 quod
855 1067 930 1115 ipsis

143 1131 215 1154 non
228 1118 445 1156 concedatur,
461 1118 613 1164 quamuis
628 1115 765 1164 persona
775 1115 930 1163 suscipere

144 1180 181 1202 ac
194 1178 317 1215 gerere,
331 1179 400 1200 non
412 1179 448 1200 ex
459 1167 670 1213 ignoratione
680 1163 781 1203 officii
793 1165 924 1204 accidit,

144 1216 187 1251 de
199 1228 267 1263 quo
280 1215 373 1261 plane
386 1213 456 1250 sunt
469 1216 616 1249 conuicti
627 1238 637 1254 ‚
658 1214 749 1260 quod
770 1213 841 1257 Filij
859 1215 924 1248 Dei

114 1280 117 1282 ·
143 1263 185 1298 ab
197 1262 355 1297 omnibus
369 1265 628 1311 inquinamentis
641 1285 650 1301 ‚
669 1274 768 1308 atque
779 1263 922 1297 idolola-

143 1312 214 1348 triis
226 1312 415 1346 recedentes
431 1335 441 1350 ,
470 1312 598 1360 integre
618 1324 653 1345 ac
671 1311 754 1346 caste
776 1324 849 1346 cum
862 1311 929 1347 sine

142 1362 206 1395 vlla
225 1359 433 1394 stimulatione
455 1361 562 1395 colere
581 1372 679 1406 atque
703 1360 837 1394 adorare
867 1362 926 1396 de-

140 1407 262 1444 beant:
282 1408 334 1444 sed
360 1421 448 1443 exeo
471 1409 562 1456 quod
582 1410 697 1443 vident
709 1407 737 1442 se
750 1407 843 1458 fungi
859 1423 927 1444 non

140 1457 230 1506 polle
242 1456 420 1493 Christiani
434 1457 580 1492 hominis
591 1455 706 1492 officio
727 1480 737 1495 ‚
757 1461 838 1506 quin
853 1459 886 1493 in
898 1458 928 1493 se

140 1507 267 1542 rabiem
280 1519 314 1540 ac
325 1505 473 1553 seuitiam
483 1507 703 1554 malignorum
718 1506 927 1554 iniquorum-

139 1567 205 1604 que
217 1555 407 1590 accendant.
439 1557 488 1590 Hi
499 1567 606 1590 autem
617 1566 775 1602 quantum
789 1556 925 1603 quidem

141 1603 273 1652 possunt
282 1627 291 1643 ,
306 1605 443 1652 cupiunt
454 1616 584 1638 crucem
598 1605 700 1638 vitare
712 1616 747 1642 ac
759 1603 926 1653 defugere.

137 1656 256 1700 Itaque
275 1664 347 1688 cum
365 1653 617 1688 animaduertam
645 1653 829 1690 docfflinam
844 1655 923 1701 pure

137 1702 260 1750 pieque
271 1702 405 1736 colendi
420 1703 487 1736 Dei
501 1701 583 1736 nihil
603 1702 697 1749 plane
712 1700 926 1749 profuturam,

137 1749 200 1786 nisi
213 1761 434 1798 praeparentur
445 1750 599 1785 homines
619 1755 651 1786 &
667 1751 706 1785 ad
719 1754 820 1786 vitam
834 1751 927 1787 istam

137 1797 288 1846 fragilem
307 1804 340 1836 &
352 1799 506 1834 caducam
517 1800 796 1834 contemnendam
808 1824 818 1839 ‚
829 1813 862 1836 vt
874 1813 927 1835 re-

138 1860 242 1898 gnum
254 1848 321 1883 Dei
340 1859 496 1883 aeternum
515 1858 685 1896 expetant,
698 1854 729 1886 &
743 1850 781 1883 ad
802 1849 927 1885 Christi

140 1909 271 1933 crucem
291 1895 524 1944 suscipiendam
544 1909 580 1932 ae
603 1895 769 1933 ferendam
788 1921 797 1935 ‚
818 1899 927 1933 donec

136 1946 180 1987 ad
199 1945 340 1997 gloriam
360 1943 605 1981 resurreetionis
622 1947 690 1982 eius
711 1951 926 1994 perueniant,

138 1994 272 2035 adiunxi
282 1992 453 2032 secundam
475 1995 673 2031 concionem
692 2017 703 2035 ‚
718 2008 781 2044 qua
795 2008 852 2031 eos
870 1999 927 2045 qui

140 2045 283 2080 nimium
294 2042 365 2080 sunt
377 2045 494 2080 molles
511 2057 549 2081 ac
571 2044 695 2080 debiles
717 2047 755 2080 ad
769 2049 926 2081 virtutem

140 2105 177 2129 ac
188 2091 418 2130 fortitudinem
439 2094 636 2130 exhortarer.
664 2095 786 2129 Tertio
805 2097 925 2130 concio

141 2140 189 2177 est
200 2140 366 2181 instituta,
383 2154 418 2178 vt
433 2144 637 2192 intelligatur
646 2155 786 2192 quantus
798 2144 835 2180 lit
850 2144 925 2180 the-

141 2189 249 2226 saurus
269 2213 279 2229 ,
299 2189 418 2226 habere
437 2191 623 2228 libertatem
642 2206 709 2229 non
721 2193 826 2230 solum
846 2195 926 2242 pure

142 2238 277 2274 colendi
289 2240 355 2273 Dei
372 2262 383 2278 ‚
401 2238 677 2290 testificandaeque
697 2243 828 2290 publice
847 2244 926 2279 fidei

143 2286 204 2323 suae
214 2310 225 2327 ,
244 2283 297 2322 sed
310 2288 409 2322 etiam
421 2289 495 2323 vitae
508 2288 704 2336 degendaein
715 2293 857 2327 Ecclesia
865 2293 925 2328 be-

139 2348 185 2371 ne
204 2335 380 2372 constituta
392 2357 404 2376 ‚
425 2335 483 2370 vbi
501 2339 532 2372 ἃ
547 2337 682 2373 docetur
695 2339 833 2376 verbum
844 2343 925 2383 Dei,

140 2389 175 2422 δι
185 2387 409 2424 Sacramenta,
420 2386 701 2433 quemadmodum
715 2392 926 2435 oportet-,ad-

141 2433 367 2470 ministrantur
384 2447 393 2468 ι
414 2431 587 2481 praesertim
609 2434 684 2470 cum
703 2435 770 2471 haec
787 2439 926 2473 maxima

140 2481 206 2520 smt
219 2482 407 2517 adiumenta
422 2503 432 2522 ‚
455 2483 575 2530 quibus
595 2482 654 2529 filij
677 2486 745 2520 Dei
767 2484 796 2519 se
815 2486 846 2519 in
861 2486 927 2521 fide

139 2531 312 2570 continere
338 2529 460 2577 poffint
488 2551 499 2571 ‚
523 2531 635 2580 itaque
669 2534 708 2568 ad
745 2534 926 2570 viuendum

139 2578 420 2627 moriendumque
438 2580 471 2614 in
492 2579 588 2627 ipsius
619 2580 814 2618 obedientia
838 2584 926 2618 exci-

139 2640 221 2666 tare.
247 2628 335 2664 Mihi
353 2639 462 2663 autem
474 2627 662 2665 huiusmodi
682 2643 926 2678 argumentum,

139 2677 209 2713 hoc
232 2677 368 2725 quidem
389 2688 539 2724 tempore
559 2678 700 2714 maxime
719 2679 928 2716 necessarium

138 2729 213 2763 est:
236 2737 408 2774 propterea
428 2724 521 2774 quod
547 2727 641 2762 multi
668 2726 742 2763 sunt
767 2728 926 2765 Christia-

139 2776 178 2812 ni
188 2774 334 2823 opiniosi
347 2797 356 2814 ‚
370 2779 402 2811 &
412 2795 423 2814 ‚
445 2785 480 2809 vt
491 2776 604 2810 Paulus
616 2778 769 2811 nominat
779 2776 928 2818 φρεναᾶιᾶ-

141 2837 210 2865 τις,
223 2825 280 2872 qui
292 2824 365 2858 illos
377 2824 513 2858 irrident
523 2847 534 2864 ‚
551 2825 609 2870 qui
621 2823 707 2859 causi
719 2825 814 2860 huius
826 2826 928 2861 liber-

143 2873 219 2912 tatis
230 2871 429 2919 perfruendae
440 2885 513 2906 eum
531 2871 705 2920 suscipiunt
715 2874 876 2914 laborem,
892 2886 928 2911 vt

64 2925 66 2928 ’
119 2937 123 2941 ·
142 2919 179 2956 in
197 2922 335 2956 alienam
356 2918 642 2968 longinquamque
674 2924 845 2971 regionem
866 2934 927 2960 ve-

106 3001 112 3004 .
143 2971 247 3006 niant.
269 2969 332 3004 Sed
352 2971 428 3017 quia
447 2971 541 3003 multi
561 2971 742 3006 retinentur
754 2974 923 3020 atqueim-

143 3019 341 3065 pediuntur,
363 3018 540 3065 quominus
566 3018 631 3054 hoc
653 3019 780 3056 bonum
803 3044 813 3060 ‚
835 3021 926 3068 quod

142 3067 237 3102 Deus
246 3065 412 3102 tantifacit
423 3088 433 3105 ‚
447 3065 676 3113 persequantur
687 3092 697 3107 ‚
715 3071 765 3103 vel
776 3082 886 3104 amore
895 3076 928 3107 &

141 3113 254 3150 studio
274 3116 554 3150 commoditatum
577 3115 699 3150 suarum
720 3130 756 3152 ac
773 3119 927 3165 volupta-

141 3172 234 3203 tum,
253 3165 304 3198 vel
316 3161 497 3198 diffidentia
511 3169 541 3200 δι
558 3175 646 3199 metu
661 3177 701 3198 ne
713 3165 807 3200 rebus
825 3169 863 3202 ad
876 3170 928 3203 vi-

141 3212 236 3246 stum
248 3211 425 3247 neceffariis
440 3212 677 3248 destituantur:
697 3215 749 3259 alij
770 3215 849 3250 vero
869 3217 928 3252 ad-

145 3259 190 3294 εὸ
205 3258 277 3296 sunt
295 3260 424 3298 delicati
441 3285 454 3304 ,
479 3273 514 3298 vt
537 3261 597 3298 nifi
616 3264 730 3298 omnia
760 3263 864 3301 fluant
892 3278 931 3302 ex

883 181 966 216 IN
1028 181 1307 217 HOMIL.

1633 163 1648 179 ἱ

1697 187 1754 229 615

983 240 1086 274 animi
1101 239 1459 289 sententia,grauiffime
1469 242 1623 288 queritur
1633 245 1665 278 δι
1677 255 1767 278 mur·

981 300 1112 323 mutent
1124 313 1134 328 ,
1151 301 1203 323 aut
1219 293 1315 325 etiam
1329 290 1369 324 ab
1382 290 1478 337 ipsius
1487 292 1609 325 timore
1629 293 1696 326 Dei
1708 293 1768 326 de-

979 335 1112 371 sciscant
1125 361 1134 378 ,
1149 349 1248 384 atquc
1261 340 1298 372 ad
1311 338 1478 385 pristinam
1493 340 1608 385 mundi
1620 341 1768 387 aequitii

978 385 1263 424 redeant,adiunxi
1275 399 1422 433 quartam
1436 388 1688 431 concione-mnu
1702 402 1766 436 qua

979 434 1156 469 Christiani
1179 435 1399 470 admonentur
1423 448 1459 470 vt
1480 436 1628 471 aduersus
1649 450 1768 472 omnes

977 482 1177 517 tentationes
1199 481 1459 530 offensionesque
1472 487 1593 520 muniti
1605 499 1640 520 ac
1650 488 1765 534 parati,

977 533 1138 578 patienter
1149 529 1229 564 ferat
1241 534 1355 565 omnia
1366 534 1595 574 incommoda,
1609 536 1768 583 quaeipsis

977 581 1107 614 euenire
1119 576 1361 626 poffint,m0do
1373 582 1465 615 Deus
1476 595 1536 627 pro
1549 582 1599 617 sua
1613 583 1770 631 benigni.

977 639 1043 663 tate
1053 639 1109 662 eos
1122 627 1215 663 domi
1235 627 1294 662 suae
1314 630 1553 675 complectatur
1573 645 1608 666 ac
1626 642 1766 668 tueatur.

977 680 1028 712 lta
1039 676 1162 711 summa
1172 688 1292 723 quartae
1304 679 1477 711 concionis
1491 678 1555 712 lucc
1569 680 1614 714 est
1631 704 1640 721 ,
1670 682 1766 729 quod

979 726 1053 760 cum
1065 725 1129 759 hoc
1139 726 1349 772 priuilegium
1362 750 1370 764 ‚
1382 738 1418 760 ac
1428 729 1627 774 praecipuum
1651 729 1765 780 singu-

978 772 1109 822 lareque
1121 773 1321 808 beneficium
1334 775 1444 820 adepti
1457 775 1566 816 fimus,
1581 789 1615 811 vt
1627 778 1766 814 verbum

978 825 1045 859 Dei
1058 822 1137 870 pure
1147 834 1245 869 atque
1267 823 1457 871 incorrupte
1481 826 1690 870 praedicatum
1706 842 1765 862 au-

979 872 1116 911 diamus,
1128 877 1160 908 &
1172 869 1279 905 san-ste
1294 884 1418 906 nomen
1433 874 1501 907 eius
1516 875 1722 916 inuocemuz
1734 883 1766 914 δι

979 923 1155 956 Sacrameta
1166 920 1226 955 rite
1238 920 1453 968 legitimeque
1466 921 1766 973 vsurpemuS,quod

978 969 1045 1004 haec
1054 980 1140 1004 tanta
1151 967 1288 1015 tamque
1300 970 1478 1016 expetenda
1490 970 1718 1013 bona,solatta‚
1731 980 1764 1011 δι’

979 1015 1202 1066 gaudia,facile
1215 1017 1344 1064 poliunt
1355 1019 1545 1065 compesare
1555 1034 1672 1056 omnes
1687 1037 1765 1057 mo·
1801 1046 1805 1047 γ

978 1068 1079 1102 lessias
1091 1089 1101 1105 ‚
1123 1067 1356 1107 incommoda,
1375 1069 1640 1114 perturbationes
1652 1089 1661 1110 ⁵
1684 1085 1763 1119 quas

980 1118 1074 1150 Satan
1085 1113 1228 1150 suscitate
1248 1126 1301 1149 aut
1322 1116 1500 1163 importare
1519 1121 1652 1165 poterit.
1687 1123 1765 1157 Huc

979 1164 1110 1200 accedat
1122 1163 1229 1199 breuis
1241 1165 1425 1211 explanatio
1439 1166 1554 1202 Psalmi
1564 1169 1765 1216 octogesimi

978 1212 1129 1260 septimi,
1141 1225 1211 1260 quae
1222 1214 1358 1260 quidem
1371 1214 1409 1248 ad
1424 1227 1490 1250 rem
1515 1216 1715 1264 propositam
1728 1232 1764 1254 ac

977 1260 1237 1297 consolationem
1251 1260 1434 1297 institutam
1448 1267 1589 1300 maxime
1600 1269 1765 1313 pertinere

977 1311 1116 1346 videtur.
1146 1311 1236 1346 Nam
1247 1313 1280 1346 in
1289 1323 1324 1345 ea
1336 1313 1509 1348 tractatum
1521 1314 1565 1349 cst
1587 1316 1628 1350 de
1641 1316 1765 1351 restau-

976 1361 1103 1396 ratione
1111 1372 1146 1395 ac
1155 1358 1364 1395 restitutione
1374 1362 1441 1396 Dei
1461 1362 1621 1398 Ecclefiae.
1653 1366 1762 1400 Vide-

976 1422 1046 1444 mus
1058 1420 1165 1444 autem
1176 1408 1274 1457 quam
1287 1410 1447 1457 plurimos
1461 1410 1524 1446 hoc
1538 1415 1764 1462 tempore,qui

976 1459 1122 1493 animum
1138 1458 1233 1506 plane
1243 1458 1470 1506 despondent,
1484 1460 1558 1494 cum
1569 1473 1696 1498 tantam
1709 1465 1764 1498 vi·-

976 1508 1054 1542 dent
1067 1507 1216 1543 Ecclesiae
1229 1507 1441 1543 solitudinem
1455 1521 1490 1543 ac
1504 1509 1688 1546 vastitatem
1702 1536 1712 1552 ,
1729 1524 1765 1550 vt

976 1555 1103 1603 prorsus
1117 1557 1258 1604 peritura
1270 1556 1330 1592 effe
1340 1558 1705 1595 videatur.Huiusmodi
1719 1562 1765 1596 ho

976 1607 1082 1639 mines
1092 1604 1242 1652 adeoque
1252 1619 1370 1641 omnes
1382 1606 1507 1647 fideles,
1522 1607 1575 1643 hle
1588 1610 1667 1644 illud
1681 1608 1765 1645 sola-

976 1656 1060 1689 tium
1073 1657 1236 1702 reperient
1247 1678 1258 1695 ,
1270 1668 1338 1702 quo
1351 1654 1402 1690 his
1413 1656 1536 1692 miseris
1549 1657 1766 1694 turbulentis-

975 1715 1040 1749 que
1051 1703 1259 1751 temporibus
1270 1707 1400 1739 animos
1416 1703 1488 1739 suos
1500 1704 1675 1742 sustentare
1688 1707 1768 1756 pos-

975 1751 1156 1799 fint,quum
1171 1752 1308 1799 quidem
1321 1753 1485 1789 videbunt
1495 1767 1565 1790 eam
1577 1756 1666 1803 spem
1678 1780 1688 1796 ‚
1703 1758 1768 1804 qua

976 1800 1031 1835 dat
1042 1801 1142 1835 nobis
1159 1803 1264 1842 Deus,
1275 1801 1426 1837 Ecclefiae
1438 1803 1626 1850 aliquandiu
1638 1804 1768 1841 afflietae

975 1860 1073 1897 atque
1082 1849 1227 1897 collapsae
1249 1852 1284 1885 in
1294 1849 1389 1887 suum*
1407 1851 1523 1887 statum
1546 1854 1765 1892 restituendae:

976 1909 1011 1932 vt
1021 1910 1123 1946 quum
1134 1899 1190 1934 diu
1201 1900 1289 1934 iuxta
1299 1900 1460 1935 mundum
1471 1899 1650 1937 deformata
1658 1909 1690 1941 δι
1698 1907 1767 1941 miq-

975 1945 1039 1982 sera
1053 1947 1116 1983 visa
1126 1946 1226 1982 fuerit
1237 1971 1246 1987 ,
1258 1949 1365 1995 postea
1379 1949 1514 1984 tandem
1529 1949 1605 1986 felix
1625 1957 1656 1989 δι
1670 1954 1766 1990 beata

975 1995 1246 2045 efflorescatAEgo
1256 1999 1369 2033 Deum
1382 1998 1530 2034 nostrum
1543 2003 1707 2049 optimum
1720 2017 1764 2038 o-

975 2058 1024 2085 ro,
1038 2058 1078 2080 ne
1089 2044 1143 2080 hic
1155 2045 1248 2080 labor
1260 2047 1276 2081 a
1289 2059 1341 2081 me
1352 2045 1464 2083 frustra
1473 2046 1634 2097 susceptus
1645 2051 1694 2091 fit,
1711 2051 1765 2089 sed

974 2107 1048 2130 curn
1060 2106 1100 2129 eo
1112 2093 1216 2131 fruecu
1228 2097 1540 2144 coniunstus‚quem
1553 2111 1613 2134 vos
1624 2101 1664 2134 ad
1677 2102 1760 2136 aedi-

974 2143 1166 2179 ficationem
1177 2143 1314 2179 vestram
1327 2145 1509 2181 redundare
1522 2146 1758 2186 sentiatis.Ge-

974 2200 1078 2233 neuae‚
1090 2194 1121 2229 X
1132 2195 1174 2229 X.
1185 2192 1238 2228 die
1249 2196 1338 2241 Sept·
1370 2194 1419 2230 M.
1439 2197 1487 2231 D.
1515 2198 1543 2232 L
1559 2200 1615 2232 11.

972 2298 1763 2346 ἓὲἓὲἷὲἰὲἓὲἓὲἱὲἓὲἓὲἓὲἓέξέἓὲἓὲἓὲ

977 2359 1374 2406 CONCIO
1430 2362 1762 2410 PRIMA,

1019 2422 1090 2460 IN
1124 2425 1262 2470 QVA
1291 2423 1490 2475 QMNE
1515 2432 1534 2464 s
1574 2431 1764 2466 efflu-

1025 2493 1173 2517 rrum
1211 2495 1535 2528 Anmonmwrvn,
1574 2501 1634 2524 ντ
1679 2502 1762 2528 εκ·

1021 2542 1148 2567 ternam
1167 2531 1387 2571 idololatriam
1405 2535 1553 2585 fugiant,
1577 2536 1704 2586 sumpta
1721 2541 1762 2575 ‘ex

1022 2579 1114 2614 versu
1126 2580 1224 2633 κω
1236 2580 1351 2619 Psalmi
1371 2589 1422 2625 16,
1437 2597 1509 2633 ego
1523 2598 1591 2621 non
1601 2600 1762 2624 commu-

1023 2628 1142 2664 nicabo
1152 2636 1265 2666 eorum
1277 2632 1440 2668 sacrificiis
1450 2647 1486 2668 ex
1500 2633 1669 2683 sanguine,
1682 2650 1761 2688 neq3

1023 2679 1158 2713 nomina
1167 2691 1280 2716 eorum
1293 2694 1351 2717 ore
1362 2696 1438 2718 meo
1454 2682 1627 2732 vsurpabo.
1656 2695 1658 2698 ’

1133 2805 1151 2813 ,,
1210 2779 1270 2814 ΚΑ
1280 2792 1458 2817 c'rANDn
1473 2780 1539 2816 hoc
1549 2783 1764 2821 10(οάοᾶῐὶ-

1168 2828 1172 2865 ἐ
1212 2841 1251 2864 na
1263 2831 1399 2877 quidem
1413 2830 1484 2865 satis
1495 2830 1660 2880 perspicua
1673 2839 1704 2871 ὃ(
1715 2833 1765 2870 fa-

1171 2918 1172 2921 *
1213 2878 1284 2913 cilis
1296 2903 1305 2916 ‚
1318 2879 1376 2913 nisi
1398 2880 1537 2914 maxima
1545 2893 1661 2917 eorum
1679 2896 1764 2930 parS,

1212 2926 1314 2974 quise
1327 2927 1533 2963 Christianos
1547 2931 1763 2977 profitentur,

1170 2977 1176 2984 '
1214 2977 1253 3010 ad
1266 2976 1446 3022 tegendum
1459 2979 1581 3014 malum
1596 2980 1652 3015 sust
1663 3004 1673 3020 ‚
1685 2981 1763 3016 sub-

975 3024 1109 3060 tilitates
1128 3026 1237 3062 nescio
1252 3037 1330 3073 quas
1349 3037 1506 3071 quaereret
1526 3040 1560 3062 ac
1576 3029 1762 3065 adhiberet.

975 3074 1107 3109 Summa
1115 3086 1225 3110 autern
1237 3075 1339 3108 totius
1353 3074 1449 3108 huius
1462 3075 1614 3126 doctrine
1625 3078 1690 3112 haec
1704 3079 1762 3121 est,

975 3121 1066 3168 quod
1077 3148 1086 3164 ‚
1100 3123 1276 3171 posteaqua
1290 3124 1403 3158 Deum
1418 3125 1601 3167 viuentem,
1617 3128 1764 3163 nostrum

975 3173 1102 3206 Patrem
1111 3172 1171 3207 esse
1184 3172 1639 3224 cognouimusmostn'imque
1647 3178 1762 3212 Rede-

976 3229 1104 3266 ptorem
1119 3219 1225 3256 Iesum
1238 3220 1374 3256 Christfi
1384 3244 1395 3261 ‚
1405 3221 1584 3259 debeamus
1597 3230 1630 3261 &
1642 3237 1760 3272 corpus

976 3272 1010 3306 &
1019 3269 1162 3306 animam
1175 3271 1206 3306 ei
1219 3268 1418 3320 consecrare,
1432 3274 1488 3317 qui
1497 3284 1557 3317 pro
1569 3272 1621 3307 sua
1631 3274 1762 3310 infinita

1439 3318 1535 3357 ΡΗ,
1571 3321 1607 3371 ij.

1807 233 1830 245 ἀδ
