2113 3674
385 216 433 252 40

350 215 495 302 c4antatas
510 271 599 296 more
608 252 832 294 Geneuefium
842 255 912 290 Dei
922 252 1144 301 laudeS.Qid

351 313 464 350 miser?
478 314 596 357 Qim
607 309 747 342 Geneua
759 304 861 352 putris
872 303 978 339 adhuc
991 303 1066 338 ess'et
1081 304 1145 336 foe-

351 363 496 398 ditatum
509 357 688 393 vestrarum
698 356 809 389 lacuna
820 376 830 393 ,
847 353 1043 388 idololatriae
1056 363 1145 385 rece-

353 410 522 460 ptaculum
534 431 544 446 ,
557 412 589 442 &
607 416 786 453 porcorum
801 403 849 437 tui
872 401 1027 438 similium
1039 400 1148 447 pruri-

352 461 432 508 gine
442 467 514 492 tota
524 453 657 490 foeteret
666 477 678 493 ‚
708 453 819 500 potuit
841 451 927 499 quasi
940 448 1148 498 praecinendo

352 505 477 544 miseris
488 506 552 539 illis
563 501 702 538 canendi
716 502 879 536 rationem
892 499 1078 534 ostendere?
1087 497 1147 530 Er-

353 569 399 605 go
412 557 446 590 in
461 554 615 588 diluenda
627 553 695 587 eius
713 547 1066 587 maledicentia,nihilo
1079 546 1149 592 plus

353 615 463 653 operae
479 602 674 650 ponendum
690 598 850 647 est‚quam
861 602 893 632 in
909 595 1102 632 cohibendo
1114 607 1149 648 a·

353 653 415 690 fini
425 653 548 700 rugitu.
558 650 613 686 Est
625 650 761 698 quidem
775 660 843 682 non
856 645 986 681 ferenda
999 644 1151 690 indigni-

352 714 401 738 tas
413 726 424 742 ,
444 707 476 738 &
495 713 565 749 quae
577 700 675 734 bonis
687 697 847 732 omnibus
857 693 1063 730 stomachum
1074 704 1151 725 mo-

354 763 451 791 ueat,
465 751 558 798 quod
584 749 744 783 Iohannis
764 745 965 780 Montani&
978 741 1152 776 Michaelis

355 801 484 837 Serueti
497 797 713 846 blasphemias
739 796 879 841 imputat
898 793 1054 827 Caluino.
1087 790 1152 824 vei

354 849 397 886 ab
412 848 495 898 ips0,
519 849 640 895 inquit,
653 843 861 882 didicerunt,
877 843 930 876 vel
943 842 998 875 ille
1007 840 1047 874 ab
1064 837 1151 894 ipsis:

358 898 548 949 Qmodo
560 894 647 944 ipsos
661 894 780 928 docere
793 891 904 939 potuit
916 890 1154 934 Caluinus,qui

356 944 664 984 adhueadolescens
675 942 753 976 iuris
767 941 871 976 ciuilis
884 939 992 974 studio
1005 938 1153 971 addictus

357 1009 444 1038 erat,
471 1008 575 1044 quum
586 989 753 1038 Vtriusque
764 988 916 1024 efferbuit
930 986 1065 1021 insania?
1079 985 1153 1020 Inio

356 1047 414 1082 vix
429 1056 536 1081 annos
547 1045 639 1078 XII.
659 1050 753 1074 natus
766 1050 833 1074 erat
845 1038 1004 1073 Caluinus
1016 1058 1026 1075 ‚
1050 1047 1153 1082 quum

360 1094 510 1145 primum
521 1092 624 1138 coepit
645 1090 831 1124 Montanus
852 1086 1055 1121 tumultuari.
1085 1087 1154 1118 Ita-

387 1135 426 1179 ue
437 1143 536 1178 nobis
558 1152 628 1175 non
641 1139 757 1173 inuitis
769 1136 944 1172 ridendum
956 1135 986 1168 se
999 1134 1155 1181 propinet

364 1191 618 1231 Gabriehlicet,
631 1189 710 1224 dum
723 1190 849 1222 Serueti
873 1182 1005 1218 haeresin
1023 1196 1061 1217 ex
1074 1181 1155 1238 Cal—

362 1244 443 1278 uino
457 1238 518 1275 esse
531 1238 654 1275 scribit.
680 1236 743 1272 Sed
753 1236 853 1283 quem
866 1231 1034 1280 probabili
1048 1241 1155 1265 ratio—

363 1289 583 1337 ne?qu0niam
594 1286 824 1322 adorationem
838 1283 928 1330 panis
941 1293 1063 1316 meram
1077 1280 1154 1335 ³⁶⁰7

361 1339 526 1375 lolatriam
536 1334 685 1371 affirmat.
716 1334 857 1370 Verum,
870 1343 905 1366 Vt
916 1342 947 1364 te
955 1329 1095 1378 stuporis
1107 1340 1156 1363 tui

362 1387 544 1436 aliquando
556 1386 688 1433 pudeat,
700 1384 802 1418 bestia
813 1405 823 1420 ‚
836 1379 967 1415 fortiter
979 1379 1156 1414 contendit

365 1434 707 1474 Seruetus2Christum
723 1432 780 1467 sub
791 1442 873 1478 pane
884 1428 1156 1479 adoradurmquia

364 1486 556 1522 deificatum
570 1483 615 1518 est
625 1484 692 1517 eius
705 1491 873 1527 corpus‚:ic
887 1478 963 1512 vere
974 1475 1155 1516 Deus,lu;i-

391 1548 431 1570 ue
449 1532 667 1569 immensitate
689 1532 809 1565 coelum
831 1533 862 1564 &
887 1539 1006 1561 terram
1029 1526 1155 1573 implet.

364 1548 451 1632 ἅχω
464 1581 575 1631 posteri
594 1582 739 1616 conuitia
754 1579 875 1625 ingerit
886 1599 897 1616 ,
919 1577 1040 1610 centies
1062 1576 1079 1610 a
1091 1587 1156 1608 no-

365 1633 438 1670 stris
450 1630 586 1667 refutata
604 1643 660 1678 per
680 1628 709 1663 se
724 1624 932 1662 euanescunt.
960 1626 1051 1660 Fecit
1063 1626 1156 1659 Deus

336 1701 342 1705 ·
368 1692 571 1730 quaecunque
584 1679 690 1713 voluit
701 1692 709 1712 ε
722 1677 876 1711 voluntas
896 1674 1022 1709 Christi
1032 1687 1070 1708 ex
1082 1686 1156 1708 vcr—

366 1731 419 1767 bis
434 1728 601 1766 notiffima
610 1729 664 1767 est,
676 1729 754 1762 Hoc
766 1724 810 1760 cst
821 1736 940 1771 corpus
951 1735 1157 1771 nieumtergo

369 1781 521 1818 Christus
537 1790 604 1813 non
625 1780 666 1811 est
683 1779 776 1811 Deus
796 1797 806 1813 ‚
826 1772 885 1807 nisi
897 1786 934 1807 ex
946 1785 1029 1819 pane
1040 1784 1157 1819 corpus

368 1828 562 1865 faciat,Nos
573 1838 680 1861 autem
693 1824 875 1870 excipimus
890 1845 900 1860 ,
910 1821 1006 1856 stulte
1020 1834 1079 1867 pro
1092 1834 1157 1855 no-

369 1877 496 1914 tiffimo
506 1875 643 1911 obtrudi
655 1875 695 1909 de
704 1886 771 1921 quo
783 1870 1051 1921 ambigitur,imd
1065 1870 1159 1918 quod

369 1939 446 1963 vera
459 1924 730 1971 interpretatione
741 1920 842 1957 crassae
854 1919 1062 1954 ablurditatis
1074 1933 1157 1954 con*

370 1977 526 2012 uincitur.
546 1973 747 2010 Nostrorum
758 1970 875 2008 libros,
890 1970 948 2016 qui
961 1980 1062 2004 totam
1074 1968 1158 2004 hanc

369 2038 441 2061 rem
454 2023 564 2059 dextre
573 2022 763 2070 expediunt,
776 2025 806 2055 &
818 2018 984 2053 luculente
994 2029 1156 2058 enarrant,

369 2076 480 2123 legere
491 2072 615 2120 praestat
628 2095 637 2110 ‚
653 2083 694 2104 ne
705 2069 860 2115 repetitio
878 2065 1043 2101 fastidium
1055 2068 1158 2114 pariat

371 2111 566 2158 lefcoribus.
600 2122 654 2155 De
665 2130 773 2153 morte
792 2115 1026 2163 Seruetiquaim
1038 2115 1156 2151 stolide

326 2172 330 2181 ¹
372 2171 536 2208 fabuletur
553 2193 563 2209 ‚
593 2167 751 2216 paulisper
775 2167 944 2200 attendere
971 2177 1157 2212 operaepre-

372 2222 461 2257 tium
483 2219 540 2254 est.
563 2219 701 2253 Omitto
713 2216 804 2264 quod
825 2216 999 2249 Geneuam
1013 2215 1157 2249 cloacam

370 2269 450 2306 facit
459 2292 474 2310 ‚,
486 2268 545 2302 vbi
558 2265 727 2314 transfugae
738 2267 772 2299 in
785 2265 859 2299 luxu
875 2269 906 2300 δι
919 2262 1070 2302 libidine,
1082 2274 1155 2298 tin-

371 2332 472 2368 quam
484 2317 550 2352 sues
563 2318 596 2351 in
607 2329 704 2350 coeno
717 2314 918 2349 volutantur.
935 2313 1042 2359 Atqui
1055 2311 1078 2346 si
1087 2325 1156 2346 non

372 2370 498 2405 maiore
509 2365 713 2413 indulgentia
725 2362 880 2398 libidines
893 2362 1052 2396 alerentur
1064 2364 1156 2409 Lug-

373 2418 455 2452 duni
466 2415 565 2463 quam
577 2416 724 2449 Geneuae
735 2435 746 2451 ‚
764 2423 798 2446 tu
811 2423 930 2458 poree,
949 2412 1058 2457 primo
1070 2423 1157 2458 quo-

372 2479 439 2515 que
449 2465 503 2500 die
527 2464 617 2498 illinc
629 2459 845 2509 transfugeres
859 2484 869 2499 ,
887 2472 922 2494 ac
939 2460 972 2494 in
984 2459 1158 2494 latibulum

374 2513 512 2563 aliquod
535 2511 743 2558 impunitatis
763 2520 794 2544 te
813 2508 948 2543 abderes
967 2531 977 2548 ,
998 2520 1074 2543 cum
1091 2520 1159 2543 vno

374 2575 430 2600 aut
439 2564 542 2598 altero
555 2559 673 2595 scorto.
698 2558 761 2593 Sed
778 2558 946 2592 mendacia
965 2557 1006 2592 de
1024 2559 1160 2592 Serueto

376 2611 503 2648 effutire
515 2635 524 2650 ,
549 2621 618 2656 quae
641 2607 746 2656 specie
763 2608 856 2640 omni
877 2617 1004 2640 careant
1028 2629 1038 2645 ‚
1059 2606 1161 2654 quam

375 2661 515 2696 belluini
527 2658 644 2694 furoris
655 2657 721 2692 est?
737 2657 851 2702 Qun
872 2654 1056 2689 sermonem
1069 2679 1080 2695 ‚
1106 2656 1162 2688 in-

376 2711 450 2758 quit
462 2733 472 2749 ‚
485 2705 669 2744 contulisset
681 2717 756 2740 cum
770 2704 930 2743 Caluino,
940 2704 1074 2738 tandem
1089 2703 1162 2751 post

377 2759 518 2795 multam
535 2755 805 2792 contentionem,
820 2765 921 2799 quum
933 2753 1055 2800 dogma
1071 2753 1163 2787 suum

378 2806 617 2854 aliquantulum
631 2802 783 2840 diffimil'e
791 2800 832 2835 ab
844 2802 900 2834 illo
912 2802 1043 2836 Caluini
1055 2813 1164 2836 tuere-

379 2867 455 2895 tur,
469 2867 528 2889 nec
542 2855 641 2888 vellet
655 2854 688 2887 in
709 2849 807 2886 verba
825 2850 942 2897 prioris
955 2850 1100 2899 magistri
1111 2851 1164 2884 iu-

378 2917 448 2940 tare
468 2927 478 2943 ‚
499 2905 604 2949 capite
622 2902 791 2936 damnatus
817 2898 873 2933 est.
903 2899 993 2945 Ergo
1010 2898 1167 2947 magistet

379 2953 554 2989 Caluinus,
565 2951 622 2998 qui
635 2951 821 2984 minor‘erat
831 2957 926 2981 natu:
949 2953 979 2983 δ(
991 2946 1166 2996 discipulus

379 3004 531 3037 Seruetus
540 3023 549 3038 ,
577 3000 633 3046 qui
648 2994 715 3034 suas
727 2998 767 3032 de
777 2997 945 3032 Trinitate
953 2995 1167 3044 blasphemias

379 3049 541 3086 vicesimo
557 3048 659 3081 aetatis
670 3060 756 3081 anno
768 3046 966 3094 vulgauerzst.
981 3048 1167 3093 Pergamus.

381 3102 574 3135 Sermonem
585 3095 760 3143 quipotuit
773 3092 921 3130 conferre
934 3095 1098 3133 Semeros,
1109 3093 1168 3129 nisi

382 3150 417 3184 in
427 3158 588 3182 carcerem
599 3143 808 3191 inclusus‚qui
819 3144 955 3189 triginta
964 3153 1078 3178 contra
1087 3144 1168 3178 Cal-

381 3198 499 3234 uinum
511 3199 543 3230 &
553 3191 785 3229 Geneuensern
795 3189 972 3228 Ecclesiam
986 3191 1084 3226 editis
1096 3193 1167 3239 epi.

382 3246 472 3282 stolis
484 3268 494 3283 ,
518 3242 601 3278 male
613 3241 672 3276 sibi
691 3240 856 3280 conscius,
868 3238 980 3275 furtim
1000 3240 1168 3276 transibat?

381 3297 508 3333 Iterum
518 3300 631 3328 tarnen‘
640 3288 772 3326 facetias
781 3288 909 3326 affectat
919 3287 1070 3330 Gabriel,
1080 3290 1168 3337 do'g-

881 188 1460 237 GRATVLAT101

1193 260 1279 284 mata
1292 250 1531 297 aliquantulum
1545 248 1708 286 diffimilia
1721 263 1863 293 vocanst
1878 267 1982 303 quum

1195 298 1354 333 Caluinus
1368 302 1413 333 no
1426 300 1533 333 minus
1548 312 1584 334 ex
1594 299 1709 334 sanetis
1722 303 1872 338 Patribus
1886 305 1983 352 quam

1196 360 1233 381 ex
1243 349 1408 395 Scriptura
1418 347 1520 383 fidem
1531 349 1754 384 orthodoxam
1766 351 1983 393 assereret,ille

1196 395 1278 429 vero
1297 398 1559 444 nullumapicem
1573 411 1609 432 ex
1629 398 1708 433 fidei
1723 402 1866 435 articulis
1881 403 1984 437 relin-

1197 456 1312 490 queret
1325 447 1504 493 integrum.
1517 447 1578 481 Sed
1593 459 1694 494 quum
1709 461 1777 483 rem
1786 461 1890 485 totam
1901 464 1938 485 ex
1947 465 1985 486 a-

1198 497 1258 527 ctis
1275 506 1408 541 quoque
1421 495 1560 541 publicis
1574 496 1607 530 in
1618 495 1705 530 libro
1727 496 1783 532 suo
1796 499 1984 546 patefecerit

1199 543 1456 590 Caluinus,quid
1472 545 1559 578 aliud
1572 546 1640 592 agit
1657 546 1807 587 Gabriel,
1821 548 1880 583 nisi
1891 551 1985 597 quod

1199 591 1337 638 palmam
1354 593 1442 626 inter
1454 593 1716 628 mendacissimos
1730 596 1912 632 nebulones
1923 599 1985 634 fibi

1201 641 1375 675 vendicat?
1395 642 1548 676 Eiusdem
1570 645 1719 677 amentiae
1741 644 1785 679 est
1798 648 1890 694 quod
1907 650 1987 683 cal·-

1200 690 1318 723 uinum
1330 690 1426 724 iactat
1445 692 1573 738 Regem
1596 693 1713 727 Galliae
1725 696 1920 743 nuncupasse
1932 709 1986 744 ty·-

1199 749 1338 772 rannum
1355 762 1365 777 ‚
1380 741 1454 785 quia
1467 741 1499 774 in
1512 739 1826 777 haereticoslaeuiret.
1837 746 1988 782 Primum

1198 785 1344 822 sanitatis
1364 793 1396 823 ὃς
1417 789 1581 823 calumniae
1611 802 1806 838 coarguetur
1828 801 1873 828 ex'
1895 793 1987 830 libris

1202 836 1356 874 Caluini,
1384 836 1442 871 vbi
1459 837 1542 872 nihil
1558 837 1662 872 simile
1681 841 1811 886 legitur.
1839 844 1988 879 Tametsi

1200 894 1310 918 autem
1323 885 1364 919 de
1377 885 1495 920 saeuitia
1507 888 1702 933 conquestus
1715 889 1846 938 est,quae
1857 905 1989 928 exerce-

1200 944 1253 968 tur
1265 935 1298 967 in
1311 946 1405 967 veros
1417 940 1448 971 δι
1469 947 1567 982 puros
1580 937 1649 970 Dei
1660 939 1802 973 cultores
1813 963 1822 979 ‚
1838 941 1989 989 blasphe-

1196 993 1277 1023 mos
1294 994 1405 1017 tamen
1436 997 1470 1018 ac
1492 983 1662 1018 haereticos
1682 999 1850 1035 nunquam
1867 989 1991 1026 censuit

1202 1031 1377 1066 tolerantia
1390 1030 1557 1067 fouendos
1566 1032 1637 1067 esse.
1665 1036 1783 1070 Telam
1794 1039 1991 1074 mendacio—

1202 1092 1275 1114 rum
1286 1082 1433 1115 contexit
1444 1082 1581 1116 Gibriel
1592 1087 1623 1118 ὅ(
1635 1084 1812 1120 Caluinum
1826 1100 1899 1122 cuni
1912 1089 1989 1123 Ab-

1203 1127 1278 1164 bate
1297 1128 1407 1164 nescio
1436 1142 1505 1177 quo
1541 1133 1838 1170 Praemonstratensi
1863 1138 1990 1178 miscet,

1203 1179 1261 1225 qui
1272 1180 1406 1226 negauit
1426 1178 1485 1213 cii'e
1496 1178 1619 1214 inferos
1629 1204 1639 1220 ‚
1653 1185 1684 1216 δι
1699 1182 1831 1218 Christo
1841 1185 1993 1233 despera-

1199 1238 1333 1261 tionem
1356 1224 1501 1262 affinxit.
1543 1230 1644 1264 Hunc
1664 1232 1745 1265 vero
1767 1233 1991 1271 calumniandi

1204 1277 1350 1318 colorem
1362 1278 1490 1311 inducit
1509 1300 1519 1316 ,
1540 1280 1697 1324 quoniam
1719 1282 1753 1314 in
1776 1282 1991 1318 Catechisrno

1204 1335 1302 1372 neget
1315 1327 1473 1359 Caluinus
1485 1326 1653 1362 Christum
1666 1329 1704 1363 ad
1716 1328 1839 1365 inferos
1853 1332 1989 1368 descen-

1205 1374 1294 1408 diiie.
1323 1375 1423 1421 Qasr
1440 1375 1518 1409 vero
1533 1377 1694 1412 Caluinus
1703 1391 1772 1412 non
1782 1381 1894 1427 aperte
1906 1394 1992 1416 con-

1199 1424 1317 1457 tendat
1325 1426 1534 1458 retinendum
1546 1423 1605 1458 csse
1614 1425 1700 1461 hunc
1715 1428 1794 1462 fidei
1803 1431 1989 1472 articulum,

1204 1484 1240 1506 ac
1255 1471 1412 1519 frigidum
1435 1486 1663 1509 commentum
1683 1476 1724 1511 de
1744 1474 1916 1524 sepulchro
1936 1493 1991 1514 re-

1204 1523 1330 1567 pudiet.
1345 1522 1578 1568 Epiphonema
1591 1525 1681 1570 quod
1695 1524 1991 1575 subiicit‚superi0-

1204 1570 1294 1604 ribus
1306 1573 1436 1617 optime
1447 1569 1634 1618 respondet.
1659 1573 1832 1623 Abrogato
1842 1601 1850 1615 ‚
1867 1579 1992 1625 inquit,

1205 1617 1409 1665 sacerdotio,
1420 1621 1530 1654 euerlo
1543 1621 1713 1662 sacrificio,
1725 1626 1937 1660 Sacramentis
1949 1640 1993 1660 o-

1205 1668 1338 1702 mnibus
1351 1671 1559 1708 conculcatis,
1572 1671 1612 1705 eo
1624 1673 1757 1707 tandem
1769 1686 1818 1707 res
1832 1675 1992 1721 produtsta

1206 1718 1262 1756 est,
1271 1728 1306 1751 vt
1319 1731 1378 1752 nec
1392 1717 1612 1763 inferiius,nec
1623 1723 1743 1756 coeluin
1756 1721 1816 1756 efl'e
1828 1726 1991 1767 credatur,

1206 1770 1238 1801 &
1252 1765 1401 1802 Christus
1412 1768 1429 1802 a
1441 1768 1551 1802 multis
1567 1770 1659 1804 Deus
1668 1769 1729 1804 eise
1744 1784 1892 1818 negetur.
1911 1774 1991 1809 Ab-

1206 1826 1359 1862 rogatum
1371 1817 1507 1864 quidem
1526 1815 1629 1852 fateor
1645 1816 1861 1856 sacerdotium
1874 1846 1885 1862 ‚
1897 1824 1992 1871 quod

1207 1864 1358 1914 sacrilega
1388 1866 1519 1900 audacia
1539 1866 1599 1901 sibi
1625 1880 1856 1916 ari·ogauei·.ant
1880 1874 1938 1918 qui
1958 1871 1992 1907 se

1206 1912 1326 1961 absque
1338 1915 1400 1949 vlla
1414 1917 1589 1951 vocatione
1600 1917 1634 1951 in
1653 1918 1764 1952 locum
1787 1919 1912 1955 Christi
1923 1921 1991 1955 ob-

1206 1964 1384 1998 truserant:
1402 1962 1545 1998 euersum
1556 1977 1692 2012 quoque
1713 1964 1803 2001 fuisse
1814 1968 1916 2002 Mifl'ae
1930 1982 1991 2004 ve-

1205 2011 1276 2046 strae
1288 2011 1490 2060 sacrilegium
1504 2037 1515 2053 ,
1530 2015 1621 2060 quod
1632 2014 1649 2048 ὲ
1663 2013 1758 2048 vobis
1779 2015 1917 2064 fingitur
1929 2016 1992 2054 esse

1207 2059 1332 2096 Christi
1343 2063 1499 2096 mactatio
1512 2085 1522 2101 ,
1536 2067 1567 2098 &
1579 2075 1646 2109 quo
1658 2065 1801 2109 expiatio
1813 2069 1879 2100 eius
1895 2079 1991 2102 inor-

1197 2121 1239 2143 .te
1260 2122 1348 2156 parta
1364 2112 1557 2145 CXissanltur·
1579 2114 1784 2147 Sacramenta
1800 2126 1907 2150 anteln
1928 2129 1993 2151 ne-

1205 2170 1314 2205 quiter
1325 2160 1472 2194 mentiris
1483 2158 1571 2194 fuisse
1580 2162 1905 2210 conculcata‚quibus
1913 2166 1992 2202 red-

1206 2209 1273 2241 dita
1284 2206 1348 2242 fuit
1364 2210 1535 2256 integritas
1547 2231 1557 2247 ‚
1574 2221 1675 2255 quum
1690 2210 1803 2245 vestris
1817 2225 1992 2262 corrupte-

1205 2256 1243 2290 lis
1254 2257 1382 2292 sceleste
1394 2256 1514 2292 foedata
1524 2256 1635 2293 essent.
1657 2260 1746 2294 Nam
1757 2260 1938 2298 adulterina
1949 2263 1993 2298 fi-

1206 2318 1338 2352 gmenta
1350 2329 1361 2346 ,
1374 2306 1493 2354 quibus
1505 2305 1587 2341 fils&
1606 2307 1798 2355 impositum
1824 2323 1890 2346 erat
1911 2312 1993 2348 illud

1205 2367 1344 2393 nomen,
1356 2356 1373 2389 ὲ
1387 2356 1498 2390 medio
1508 2356 1581 2390 tolli
1592 2358 1778 2404 oportuit.si
1792 2361 1912 2394 vellent
1924 2374 1992 2395 no-

1205 2402 1261 2438 stri
1272 2404 1448 2439 Ecclesiam
1459 2404 1654 2439 stercoribus
1664 2412 1889 2455 purgare.Q
1898 2407 1994 2444 fron-

1206 2464 1239 2486 te
1251 2453 1326 2487 coeli
1338 2459 1367 2490 δι
1379 2453 1499 2488 inferni
1511 2465 1543 2488 te
1553 2455 1719 2489 vindicem
1731 2456 1991 2506 ostentaszquum

1208 2513 1262 2536 tua
1282 2504 1433 2550 impietas
1453 2502 1607 2536 omnibus
1630 2502 1744 2539 foeteat
1763 2529 1773 2544 ‚
1790 2518 1858 2540 non
1881 2509 1991 2542 minus

1208 2553 1307 2598 quarn
1319 2553 1391 2586 vitae
1402 2552 1568 2600 spurcities
1580 2566 1588 2586 :
1600 2554 1724 2587 constet
1737 2566 1845 2589 autem
1858 2556 1993 2591 nostro-

1209 2614 1279 2635 rnm
1300 2603 1454 2635 omnium
1475 2599 1601 2648 scriptis
1622 2602 1723 2636 vitam
1751 2602 1927 2640 hominum
1950 2606 1992 2641 ad

1209 2650 1326 2685 serium
1336 2650 1403 2684 Dei
1415 2651 1585 2690 timorem,
1597 2656 1628 2687 &
1642 2652 1772 2698 pietatis
1782 2652 1925 2688 studium
1937 2667 1991 2688 re—

1210 2701 1292 2734 Gtius
1303 2711 1338 2732 ac
1351 2700 1453 2747 magis
1466 2699 1575 2734 dextre
1587 2701 1719 2747 cetuplo
1728 2699 1880 2743 formari,
1892 2703 1992 2750 quain

1211 2759 1281 2782 tota
1293 2747 1453 2782 librorum
1474 2749 1629 2797 congerie
1643 2750 1700 2796 qui
1719 2761 1861 2798 vnquam
1875 2753 1908 2786 in
1927 2755 1990 2787 Pa-

1212 2808 1288 2845 patu
1300 2798 1379 2832 editi
1392 2796 1463 2832 sunt
1474 2799 1489 2828 ?
1506 2799 1577 2832 Hac
1589 2795 1642 2832 sua
1654 2799 1937 2846 magniloquentia
1955 2814 1994 2835 a-

1212 2847 1349 2894 deptum
1360 2846 1390 2880 se
1398 2847 1557 2881 existimat
1567 2858 1602 2881 vt
1613 2859 1696 2881 vnus
1708 2847 1776 2882 solo
1788 2859 1868 2882 nutu
1881 2862 1938 2896 pai·
1953 2850 1993 2886 sit

1212 2896 1251 2930 ad
1266 2895 1424 2930 sedandos
1439 2907 1556 2931 ornnes
1577 2897 1695 2931 Galliae
1712 2907 1832 2930 motus.
1852 2900 1994 2936 Perinde

1214 2946 1302 2979 enim
1319 2945 1534 2979 concionatur
1552 2957 1586 2979 ac
1597 2947 1685 2980 Cato
1695 2944 1853 2991 quispiam
1865 2946 1882 2981 ἐ
1893 2947 1995 2982 nubi-

1214 2994 1275 3029 bus
1287 2993 1638 3041 delapsusaNugatonsi
1647 2992 1747 3028 fallaci
1758 2996 1928 3041 grauitatis
1940 2996 1995 3045 spe

1215 3045 1264 3079 cie
1276 3042 1375 3078 fidem
1386 3044 1552 3090 acquirere
1562 3042 1623 3077 tibi
1633 3042 1768 3089 optiib'ssis
1779 3067 1789 3083 ‚
1803 3057 1858 3079 cur
1869 3045 1886 3080 a
1897 3058 1994 3081 rnen-

1215 3093 1310 3127 dacio
1321 3090 1448 3126 exorsus
1460 3103 1506 3130 es,
1521 3092 1611 3138 quod
1625 3093 1685 3125 iam
1700 3092 1766 3126 dixi
1778 3091 1818 3126 ab
1829 3092 1995 3130 infestissi-

1215 3142 1275 3176 mis
1300 3153 1435 3189 quoque
1455 3139 1573 3175 nostris
1591 3139 1739 3175 hostibus
1762 3140 1863 3177 refelli
1881 3142 1969 3190 posse
1978 3148 1993 3179 ?

1214 3188 1447 3238 Deprehensos
1457 3190 1538 3224 dicis
1551 3187 1638 3224 fuiise
1647 3190 1784 3224 Lutetiae
1795 3214 1806 3231 ‚
1819 3193 1876 3239 qui
1886 3194 1997 3228 extin-

1215 3241 1276 3275 &is
1285 3241 1425 3274 lucernis
1436 3237 1523 3274 sceda
1534 3237 1714 3274 seinuicem
1727 3238 1869 3275 libidine
1878 3253 1998 3277 conta·

1216 3289 1478 3325 minarent-Non
1488 3299 1574 3336 rogo
1584 3299 1620 3323 vt
1631 3288 1782 3335 cognitio
1795 3286 1995 3338 suscipiatur:

1922 3352 1998 3375 car-
