2113 3674
846 188 941 223 DE
997 189 1195 223 FIDE.
1808 205 1840 229 21

88 250 201 276 iverat.
267 248 302 281 P,

88 297 104 315 2

89 331 180 356 Lloaen.

89 376 105 400 7

337 245 632 293 Qemadmodum
653 249 886 296 purgationem
899 251 1001 286 liabe-

217 308 290 330 mus
300 297 333 330 in
354 294 476 330 Christi
490 293 656 343 sanguiue,
671 297 712 332 sic
728 311 768 332 eo
779 299 904 347 aspergi
915 313 999 334 con-

185 335 200 354 ι’
215 344 363 380 scientias
376 343 500 377 nostras
512 344 635 380 necesse
648 347 747 384 est‚vt
758 346 942 383 abluantur.

260 393 310 427 M.
340 394 418 427 Hoc
441 393 571 427 clariori
593 397 774 430 etiamnum
793 397 1000 444 expositione

213 442 356 490 indiget.

262 493 297 525 Ι).
333 490 493 537 intelligo
515 491 674 537 Spiritum
689 493 754 526 Dei
766 506 775 532 ·‚
788 493 865 528 dum
875 495 909 528 in
923 506 999 529 cor-

212 539 309 574 dibus
322 539 441 573 nostris
456 539 594 580 habitat,
606 539 733 576 efficere
747 554 780 577 vt
794 542 917 578 Christi
931 545 999 578 vir-

210 600 316 623 tutem
327 587 515 623 sentiamus.
542 591 631 624 Nam
645 602 679 625 vr
699 590 822 625 Christi
835 591 998 626 beneficia

211 649 322 672 mente
331 639 556 683 concipimus
569 661 579 677 ‚
597 638 661 672 lioc
683 638 727 682 fit·
739 641 878 686 Spiritus
898 639 996 675 saneti

211 687 457 720 illuminatione
470 700 477 720 :
492 687 561 721 eius
574 686 778 734 persuasione
790 688 847 729 sit,
867 700 903 724 vt
919 701 995 724 cor-

84 722 196 761 pr²fi¹·
209 734 307 770 dibus
319 734 439 770 nostris
449 734 679 783 obsignentur.
710 738 870 785 Denique
881 761 892 777 ‚
911 738 996 773 solus

85 773 114 811 ιβ
208 783 276 832 ipse
287 785 342 819 dat
354 784 417 818 illis
429 785 462 818 in
477 784 575 818 nobis
588 786 710 820 locum.
726 787 911 833 Regenerat
922 800 996 828 ri05,

208 833 355 880 facitque
367 843 402 866 vt
414 832 512 867 simus
523 846 616 866 nouae
627 846 787 869 creaturae.
835 837 994 877 Proinde,

208 894 414 930 quaecunque
424 880 755 917 nobisofferunturin
780 883 917 920 Christo
930 886 995 921 do-

210 943 303 968 na‚ea
314 931 454 978 Spiritus
467 932 590 966 virtute
603 933 793 979 recipimus,

255 981 308 1015 M.
336 983 524 1028 PerganiuS.

258 1031 295 1063 Ρ.
330 1031 486 1076 Sequitur
497 1040 608 1075 quarta
620 1040 689 1076 pars
701 1051 711 1068 ,
726 1028 758 1063 in
771 1042 834 1077 qua
848 1028 995 1064 confite-

208 1090 283 1112 mur
309 1090 371 1112 nos
391 1078 521 1112 credere
537 1089 634 1113 vnam
657 1077 798 1113 sanctam
817 1078 994 1114 Ecclesiam

209 1126 435 1162 Catholicam.

254 1177 306 1211 M.
332 1176 425 1221 Qid
436 1175 480 1210 est
492 1173 657 1209 Ecclesia?

254 1228 291 1259 P.
333 1226 467 1270 Corpus
477 1237 512 1258 ac
524 1223 657 1257 societas
670 1222 886 1270 sidelit‘i,quos
900 1225 994 1259 Deus

208 1272 246 1307 ad
263 1274 532 1307 vitamaeternam
547 1271 799 1319 praedcstinauit.

255 1322 304 1356 M.
330 1320 431 1356 Estne
443 1322 507 1356 hoc
520 1323 618 1355 etiam
627 1332 723 1367 caput
738 1322 863 1356 creditu
882 1320 993 1356 neces-

207 1367 342 1405 sarium.
552 1408 555 1414 Ι

257 1422 293 1453 Ρ.
323 1417 397 1452 Ιιῃὸ
409 1417 500 1451 vero:
514 1416 572 1452 nisi
585 1415 688 1452 facere
697 1418 835 1452 velimus
850 1417 992 1452 otiosam

207 1466 334 1502 Christi
347 1477 507 1504 mortem,
519 1472 550 1502 ὃ(
562 1479 621 1513 pro
637 1468 743 1501 nihilo
757 1468 875 1501 ducere
892 1468 989 1513 quic-

207 1517 288 1564 quid
301 1517 456 1550 hafflenus
469 1515 602 1549 relatum
615 1515 741 1550 est.Hic
753 1517 842 1550 enim
851 1527 936 1551 vnus
947 1515 993 1550 est

207 1567 360 1600 omnium
372 1563 556 1601 effeetus,vt
568 1563 605 1598 sit
615 1564 768 1599 Ecclesia.

256 1615 306 1649 M.
336 1615 390 1648 De
401 1614 489 1647 causa
508 1625 587 1661 ergo
599 1611 706 1648 salutis
724 1611 814 1647 fuisse
835 1612 994 1647 haetenus

207 1664 382 1698 “aestatum
393 1685 403 1702 ‚
419 1661 551 1709 eiusque
563 1659 817 1697 fundamentum
826 1660 993 1696 ostensum

209 1712 368 1759 intelligis
380 1734 390 1750 ‚
405 1723 508 1757 quum
518 1719 694 1758 exponeres
705 1734 715 1749 ,
728 1711 855 1746 Christi
867 1711 994 1746 meritis

207 1766 240 1797 &
252 1758 494 1799 intercessione,
503 1772 563 1793 nos
576 1757 665 1794 fuiffe
677 1761 709 1794 in
725 1772 874 1794 amorem
886 1759 903 1794 Ξι
915 1762 994 1795 Deo

208 1814 411 1857 receptosz&
424 1808 507 1843 hanc
520 1809 814 1856 gratiam‚Spiritus
827 1810 948 1843 virtute
959 1810 994 1843 in

208 1858 310 1894 nobis
321 1858 524 1893 confirmari.
559 1859 662 1892 Nunc
672 1858 752 1892 vero
763 1858 914 1904 explicari
928 1857 993 1904 ho-

209 1920 284 1942 rum
296 1908 416 1942 omniu
428 1906 579 1942 effectum
590 1929 600 1946 ‚
617 1907 685 1954 quo
698 1906 818 1949 certior
834 1919 872 1941 ex
883 1921 916 1943 re
928 1906 995 1956 ipsa

211 1955 294 1992 fides
308 1956 448 1992 constet.

258 2008 294 2039 Ρ.
335 2008 385 2040 Ita
394 2017 442 2039 res
456 2003 565 2039 habet.

258 2054 309 2088 M.
333 2054 438 2089 Porro
451 2053 628 2089 Ecclesiam
641 2065 709 2101 quo
729 2053 818 2088 sensu
840 2053 994 2088 nominas

213 2100 369 2137 saneim?
626 2130 627 2133 ,

91 2147 164 2173 Rom.
175 2144 200 2170 8.
261 2155 298 2186 P.
335 2152 423 2201 (ξιξει
434 2150 556 2186 scilicet
571 2150 764 2198 quoscfique
776 2153 875 2201 elegit
887 2152 995 2192 Deus,

90 2194 126 2223 3⁰
216 2212 271 2235 eos
283 2200 433 2234 iustificat
445 2224 454 2238 ‚
465 2198 689 2247 reforma'trque
701 2203 733 2234 in
748 2197 949 2237 satientatem
960 2214 996 2236 ac

216 2250 289 2283 vitae
309 2249 535 2283 innocentiam
548 2272 558 2287 ‚
580 2250 691 2296 quoin
704 2249 766 2283 i'llis
786 2252 925 2285 reluceat
946 2250 997 2286 sua

89 2293 201 2331 press.
215 2298 331 2346 gloria.
345 2299 457 2343 Atque
467 2298 499 2331 id
510 2297 556 2331 est
567 2298 658 2344 quod
670 2299 738 2333 vult
752 2301 879 2339 Paulus,
893 2312 997 2346 quum

91 2343 121 2371 ²5
215 2347 389 2384 admonet,
405 2345 574 2379 Christum
583 2369 594 2384 ‚
605 2346 780 2380 Ecclesiam
792 2361 889 2395 quam
901 2349 998 2383 rede-

215 2395 278 2430 mit
288 2418 298 2434 ,
315 2392 523 2428 sanctificasse
535 2417 544 2433 ,
556 2405 593 2428 vr
602 2393 639 2428 sit
648 2395 790 2442 gloriosa
802 2395 947 2445 puraque
957 2396 997 2432 ab'

215 2444 307 2478 omni
320 2444 454 2477 macula.

268 2491 319 2526 M.
350 2492 444 2538 Qd
459 2490 525 2537 sibi
545 2491 615 2525 vult
627 2491 802 2538 epitheton
815 2492 999 2528 Catholicae

217 2541 268 2575 vel
278 2540 502 2576 Vniuersalis?

92 2590 202 2629 Ephe-4·
265 2593 301 2623 P.
339 2590 390 2623 Eo
405 2590 575 2628 docemur,
588 2587 668 2623 sicut
682 2599 783 2622 vnum
796 2587 841 2623 est
853 2587 1001 2624 fidelium

94 2640 121 2666 ¹5
217 2639 369 2673 omnium
387 2649 481 2684 caput
494 2661 505 2676 ‚
528 2638 572 2673 ita
583 2648 702 2672 omnes
720 2638 753 2670 in
766 2648 866 2671 vnum
879 2650 998 2685 corpus

93 2674 181 2739 {2⁶2⁴}
217 2687 394 2722 coalescere
402 2697 558 2734 oportere
574 2709 584 2726 ‚
606 2698 641 2721 vt
653 2698 715 2720 vna
726 2684 764 2719 sit
780 2686 923 2721 Ecclesia
941 2700 998 2735 pet

129 2731 136 2739 ”
216 2748 324 2771 toturn
335 2735 451 2769 orbem
463 2733 594 2770 diffusa:
606 2747 676 2769 non
689 2734 808 2780 plures,

264 2786 314 2820 M.
337 2784 430 2827 Quid
444 2794 551 2819 autem
566 2785 651 2819 valet
662 2783 743 2818 illud
755 2807 763 2822 ‚
776 2783 867 2830 quod
887 2786 998 2820 conti-

215 2833 285 2869 nuo
297 2833 338 2868 de
348 2833 534 2867 [ranorum
547 2833 786 2867 communione
797 2833 926 2867 additur
937 2835 954 2866 ἕ

265 2886 303 2917 Ρ.
346 2882 399 2916 Ad
411 2882 656 2928 exprimendam
676 2882 789 2915 clarius
802 2905 812 2920 ‚
829 2893 899 2929 quae
915 2883 1000 2917 inter

215 2929 367 2967 Ecclesiae
377 2930 526 2964 membra
535 2929 592 2970 est,
603 2930 842 2968 vnitatem,lioc
856 2930 997 2976 positum

218 2983 272 3015 esi.
284 2980 386 3014 Simul
401 2980 574 3017 indicatur,
587 2979 746 3026 quicquid
759 2978 999 3014 beneficiorum

218 3030 354 3078 largitur
373 3030 466 3063 Deus
477 3027 627 3061 Ecclefiae
637 3051 646 3066 ‚
666 3028 700 3062 in
722 3040 902 3062 commune
922 3041 1001 3063 orn-

184 3087 187 3093 '
220 3080 314 3113 nium
323 3078 450 3112 bonum
461 3075 621 3123 spectare:
635 3089 737 3123 quum
748 3078 834 3111 inter
844 3065 874 3112 se
885 3087 1001 3112 omnes

222 3127 497 3162 communionem
511 3124 663 3159 habeant.

270 3176 320 3210 M.
347 3171 581 3212 VertnmeSstne
593 3172 659 3207 liaec
672 3187 770 3221 quarn
781 3175 930 3211 Ecclesiae
941 3175 1002 3210 tri*

219 3221 537 3264 buis‚sanetitas‚tam
549 3220 711 3268 perfecta?

266 3276 304 3308 P.
345 3272 647 3319 Nondumtquz'rdiu
657 3271 778 3308 scilicet
788 3273 822 3308 iti
830 3272 895 3309 hoc
903 3285 1003 3309 mun-

87 486 162 515 itam.
175 487 199 514 8.

88 535 117 554 ιι

1052 252 1096 284 do
1106 253 1238 286 militat.
1259 251 1406 287 Laborat
1417 255 1506 288 enim
1519 252 1645 301 semper
1656 254 1833 291 infirmita-

1051 298 1160 334 tibus:
1174 313 1233 334 nec
1243 313 1387 348 vnquam
1403 304 1558 336 vitiorum
1570 304 1715 350 reliquiis
1737 307 1832 351 peni-

1051 359 1102 382 tus
1115 349 1306 395 purgabitur
1316 374 1326 389 ,
1339 351 1445 385 donec
1456 351 1602 387 Clu-illo.
1615 351 1670 386 suo
1683 356 1800 400 capiti,
1813 355 1830 389 ὲ

1049 409 1118 444 quo
1130 396 1402 437 sanctificaturffld
1416 401 1548 446 plenum
1562 400 1731 436 adhaereat.

1095 446 1146 479 M.
1174 446 1328 481 Potestne
1348 459 1455 483 autem
1476 448 1541 483 liaec
1569 449 1711 484 Ecclesia
1738 452 1830 486 aliter

1050 494 1321 543 cognosc-nquam
1334 509 1435 542 quum
1450 497 1515 531 side
1527 498 1684 532 creditur?

1096 546 1132 578 P.
1161 544 1213 578 Est
1231 545 1367 591 quidem
1380 550 1411 580 δι’
1427 542 1564 580 visibilis
1585 548 1651 581 Dei
1676 546 1828 588 Ecclesia,

1046 603 1144 638 quam
1157 592 1256 627 nobis
1280 596 1374 627 certis
1394 595 1523 628 ‘indiciis
1544 595 1694 642 notisque
1708 595 1829 630 descri-

1047 639 1173 686 psitzsed
1186 641 1238 675 hic
1250 643 1382 688 proprie
1395 644 1434 676 de
1446 655 1559 678 eorum
1568 647 1829 692 congregatione

1045 691 1171 736 agitur,
1194 702 1277 737 quos
1290 703 1401 724 arcana
1419 690 1469 724 sua
1481 693 1644 727 ele&ione
1657 694 1828 740 adoptauit

1044 738 1078 772 in
1090 736 1235 773 salutem.
1259 740 1304 773 Ea
1315 750 1423 773 autem
1437 751 1496 774 nec
1511 744 1653 777 cernitur
1664 742 1826 790 perpetu&

1044 788 1225 836 oculiscnec
1238 786 1335 836 signis
1351 788 1568 834 dignoscitur.

1087 836 1141 870 M.
1174 838 1266 884 Qd
1283 837 1402 871 deinde
1413 836 1572 884 sequitur?

1091 887 1128 918 P.
1152 886 1266 919 Credo
1278 883 1500 919 remiffionem
1514 897 1732 933 peccatorum.

1090 933 1139 967 M.
1169 934 1263 980 Qd
1277 933 1338 968 tibi
1358 932 1554 969 remissionis
1567 935 1702 971 verbum
1723 936 1826 985 signi-

1044 979 1136 1015 ficar?

1091 1034 1126 1064 P.
1154 1031 1264 1065 Deum
1276 1032 1416 1079 gratuita
1429 1030 1478 1064 sua
1492 1030 1644 1067 bonitate
1657 1033 1826 1082 ignoscere

1043 1090 1078 1111 ac
1090 1079 1278 1113 condonare
1291 1092 1420 1126 peccata
1432 1079 1585 1114 fidelibus
1595 1104 1604 1120 ,
1619 1095 1659 1115 ne
1683 1086 1715 1116 in
1736 1084 1825 1118 iudi-

1044 1128 1130 1162 cium
1142 1139 1371 1166 vocentummt
1382 1129 1528 1176 exigatur
1539 1129 1579 1164 de
1592 1132 1656 1164 illis
1669 1129 1792 1177 poena.'

1067 1176 1117 1211 M.
1132 1178 1221 1210 Hinc
1233 1175 1449 1224 sequitur,an
1459 1176 1734 1212 satisfatfftionibus
1745 1177 1842 1227 pro-³

1043 1226 1121 1272 priis
1133 1237 1339 1272 nequaquam
1359 1229 1540 1272 promereri
1559 1240 1657 1275 quam
1672 1231 1684 1263 a
1697 1230 1827 1263 Domi-

1042 1287 1088 1308 no
1102 1285 1311 1320 peccatorum
1325 1276 1454 1308 veniam
1467 1276 1672 1311 obtinemus.

1097 1326 1132 1357 P.
1157 1325 1294 1358 Verum.
1323 1325 1418 1358 Vnus
1432 1326 1517 1358 enin
1532 1325 1679 1360 Christus
1690 1338 1826 1373 poenam

1043 1369 1438 1411 soluendmsatisfaftione
1448 1371 1620 1408 cie-funestus
1634 1374 1690 1409 est.
1707 1378 1827 1422 Qn-

1043 1430 1114 1454 tum
1127 1421 1165 1454 ad
1177 1433 1249 1459 nos,
1262 1420 1343 1455 nihil
1354 1420 1452 1455 nobis
1463 1423 1740 1469 compensationis
1751 1424 1828 1471 sup-

1041 1470 1138 1516 petit,
1151 1469 1241 1516 quod
1254 1471 1331 1504 Deo
1343 1469 1530 1504 afferamus:
1545 1470 1594 1506 sed
1611 1486 1646 1506 cx
1661 1486 1746 1507 mera
1759 1474 1828 1507 eius

1042 1517 1246 1553 liberalitate¹
1262 1521 1438 1567 gratuitum
1448 1518 1512 1552 hoc
1524 1519 1726 1556 beneficium
1740 1518 1828 1557 reci-

1044 1580 1167 1615 pimus.

1090 1616 1140 1650 M.
1169 1617 1240 1651 Cur
1251 1626 1459 1662 peccatorum
1471 1615 1693 1655 remissionem
1706 1617 1828 1654 subne-

1045 1665 1104 1698 &is
1116 1663 1282 1699 Ecclesiae?

1091 1717 1128 1747 P.
1156 1712 1243 1761 Qia
1253 1726 1322 1747 eim
1332 1726 1432 1748 nemo
1451 1713 1665 1761 consequitur
1676 1739 1685 1754 ‚
1706 1717 1785 1763 quin
1796 1721 1829 1753 δε

1044 1762 1247 1796 coadunatus
1259 1760 1358 1796 fuerit
1367 1764 1442 1797 ante
1455 1764 1580 1810 populo
1590 1765 1704 1800 Deiz&
1719 1767 1828 1800 vnita-

1043 1821 1110 1845 tem
1124 1823 1198 1845 cum
1211 1810 1336 1846 christi
1346 1824 1487 1859 corpore
1505 1812 1724 1860 perseuerfiter
1735 1815 1772 1849 ad
1786 1813 1828 1848 fi-

1044 1871 1121 1894 nem
1132 1858 1231 1907 vsque
1241 1860 1327 1903 colat
1345 1875 1354 1895 2
1377 1862 1485 1908 eoque
1497 1862 1602 1896 modo
1615 1863 1766 1898 testatum
1779 1862 1829 1899 fa-

1044 1910 1236 1956 ciat2verum
1245 1908 1275 1943 se
1285 1907 1345 1943 esse
1354 1910 1502 1944 Ecclesiae
1514 1910 1711 1945 membrum.

1085 1959 1135 1992 M.
1159 1960 1232 1993 Hac
1243 1958 1372 1993 ratione
1397 1959 1570 1994 constituis
1582 1984 1592 2000 ,
1614 1970 1701 1994 extra
1713 1962 1829 1996 Eccle'-

1044 2005 1120 2041 fiam
1131 2020 1200 2042 non
1213 2007 1270 2042 nisi
1283 2008 1532 2043 damnationem
1552 2013 1585 2044 &
1603 2011 1738 2044 exitium
1754 2010 1826 2044 ess'e-

1083 2059 1120 2090 Ρ.
1148 2057 1318 2090 Omnino.
1356 2058 1425 2100 Qui
1437 2059 1525 2092 enim
1545 2056 1768 2092 discessionem
1780 2058 1828 2093 fa·-

1045 2105 1136 2140 ciunt
1146 2105 1163 2140 a
1174 2105 1297 2140 Christi
1309 2105 1731 2153 corpore‚faeti0nibust1ue
1743 2106 1830 2142 scin-

1045 2155 1129 2189 dunt
1138 2155 1206 2188 eius
1215 2156 1425 2195 vnitatem,iis
1438 2154 1505 2202 spes
1519 2157 1630 2189 omnis
1640 2155 1745 2190 salutis
1757 2170 1829 2204 [ιι-ς-

1046 2202 1107 2237 cisa
1116 2203 1174 2242 est,
1181 2201 1368 2251 quantisper
1379 2217 1531 2239 maneant
1544 2206 1578 2239 in
1590 2203 1752 2241 eiusmodi
1763 2207 1830 2241 dis-

1045 2252 1141 2287 sidi0.

1085 2296 1137 2337 M.
1162 2299 1280 2336 Recita
1294 2299 1386 2347 quod
1400 2299 1552 2348 superest.

1094 2353 1130 2384 P.
1173 2349 1287 2384 Credo
1300 2348 1570 2386 resurreetionem
1591 2351 1710 2390 carnis,
1726 2354 1758 2386 δε
1775 2350 1831 2385 vi—'

1048 2407 1115 2433 tam
1132 2409 1299 2432 aeternam.

1095 2447 1145 2481 M.
1173 2445 1340 2491 Qorsum
1357 2444 1422 2480 hoc
1439 2458 1535 2495 caput
1553 2449 1586 2482 in
1600 2447 1678 2483 fidei
1698 2445 1828 2482 confes-

1048 2494 1140 2529 sione
1150 2497 1306 2542 ponitur?

1098 2547 1135 2578 P.
1172 2545 1220 2579 Vt
1230 2544 1529 2584 admoneamurmf)
1543 2541 1602 2579 efl'e
1615 2543 1706 2579 sitam
1718 2545 1750 2579 in
1761 2555 1829 2579 ter-

1049 2605 1082 2627 ra
1101 2591 1244 2627 nostram
1261 2590 1464 2627 felicitatem.
1496 2595 1599 2627 Cuius
1619 2593 1828 2641 cognitionis

1049 2641 1167 2688 duplex
1177 2642 1220 2676 est
1232 2642 1351 2676 vtilitas
1363 2654 1398 2675 ac
1408 2639 1488 2675 vsuS.
1518 2637 1601 2676 Inde
1613 2642 1756 2688 primii'm
1767 2643 1837 2676 do-'

1049 2701 1172 2730 cemur,
1185 2691 1229 2724 ita
1238 2689 1324 2724 hunc
1336 2690 1495 2724 mundum
1506 2690 1604 2725 nobis
1615 2691 1831 2725 incolendum

1049 2737 1109 2773 effe
1120 2757 1141 2785 ‚g
1156 2750 1311 2786 tanquam
1325 2739 1495 2785 inquilinis
1507 2762 1517 2778 ‚
1533 2751 1568 2773 vt
1580 2740 1619 2773 de
1631 2742 1834 2788 migratione

1048 2786 1170 2823 affidue
1183 2789 1379 2835 cogitemuS‚
1391 2799 1449 2821 nec
1461 2788 1559 2822 corda
1570 2788 1677 2823 nostra
1689 2789 1833 2823 sinamus

1049 2836 1210 2883 implicari
1220 2835 1484 2883 cogitationibus
1504 2840 1652 2872 terrenis.
1681 2838 1832 2876 Deinde,-

1050 2896 1218 2932 vrcunque
1228 2885 1332 2919 adhuc
1347 2897 1407 2918 nos
1421 2886 1515 2919 lateat
1526 2909 1535 2924 ,
1548 2891 1579 2922 &
1590 2886 1631 2920 ab
1643 2887 1748 2921 oculis
1766 2898 1832 2919 no-

1049 2933 1122 2969 stris
1129 2931 1339 2968 absconditus
1352 2932 1389 2968 sit
1400 2931 1521 2968 fruetus
1531 2935 1639 2982 gratiae
1652 2937 1685 2969 in
1696 2934 1832 2969 Christo

1050 2982 1148 3017 nobis
1161 2983 1334 3029 collateme
1343 2994 1513 3030 propterea
1525 2982 1784 3031 despondeamus
1795 2996 1832 3017 a-

1051 3030 1243 3066 nim0s2sed
1267 3032 1427 3078 patienter
1446 3031 1657 3068 sustineamus
1674 3032 1773 3079 vsque
1789 3029 1832 3067 ad

1052 3080 1140 3114 diem
1153 3081 1374 3114 reuelationis.

1099 3129 1150 3163 M.
1174 3131 1258 3176 Qae
1276 3129 1377 3176 porro
1398 3128 1492 3165 huius
1505 3128 1747 3164 resurreetionis
1769 3130 1832 3164 eric

1051 3177 1168 3212 series?

1103 3229 1139 3260 P.
1170 3227 1240 3273 Qi
1259 3225 1335 3262 ante
1349 3228 1472 3261 mortui
1495 3225 1617 3261 fuerint
1635 3250 1646 3266 ‚
1670 3226 1832 3274 recipient:

1052 3274 1105 3311 sua
1115 3276 1383 3322 corporassadem
1392 3274 1514 3311 scilicet
1526 3287 1590 3324 que,
1601 3274 1833 3323 gestarunt‘tsed
