2113 3674
567 158 650 193 DE
707 157 982 193 LIBERE

177 233 226 260 ter
236 236 272 259 ae
282 221 469 258 humaniter
490 231 550 255 nos
562 222 600 256 ad
614 221 643 256 se
655 222 775 255 inuitat
793 233 826 256 νε
838 221 971 256 salutem

177 272 321 311 nostram
347 280 565 319 promouent,
579 283 677 318 atque
690 283 749 304 nos
765 271 918 317 perducat
932 271 970 305 ad

177 333 288 357 veram
300 319 545 368 perfeetamque
556 316 713 355 felicitare
723 343 732 358 ‚
746 321 762 353 a
773 332 835 366 qua
860 329 971 353 natura

177 370 288 406 nostra
300 367 466 417 logiffime
478 367 640 403 absumus.
662 370 723 403 Sed
740 369 820 402 illud
835 380 970 416 quoque

176 419 278 455 nobis
298 417 484 453 notandum
515 428 613 463 atque
641 418 969 451 animaduertendum

175 469 221 503 est
238 491 249 507 ,
258 469 372 503 Deum
385 466 543 500 omnibus
553 467 692 501 stimulis
701 478 763 499 nos
776 478 921 513 pungere
933 478 969 500 ac

175 528 389 553 commouere
402 527 436 549 vt
445 526 675 554 caueamus‚ne
687 516 719 548 in
731 514 892 549 miseriam
914 515 969 548 in-

175 567 335 601 cidamus.
344 563 492 599 Primum
503 564 620 598 oculos
631 575 697 598 tam
710 575 811 612 vagos
820 577 854 597 ac
863 563 949 597 lubri
957 586 967 594 -

177 627 234 649 cos
247 613 405 648 habemus
416 636 425 651 ,
439 624 474 647 νε
485 612 638 659 εεθρίαηὲ
650 612 829 647 miseranda
851 613 964 646 videa-

178 674 240 698 tur.
261 664 350 697 Nam
362 663 395 696 in
405 661 462 695 hac
475 662 611 708 quidem
623 662 689 696 vita
706 660 815 696 nostra
826 661 908 695 nihil
921 660 968 696 est

176 723 292 758 praeter
303 712 462 745 vanitates
475 710 569 744 huius
584 711 779 757 mundique
792 721 883 744 totos
895 709 968 744 sen-

174 760 225 796 sus
236 760 365 795 nostros
375 764 606 806 occupante&
621 761 715 793 Satan
736 759 835 793 habet
850 758 965 793 infini⁴

173 821 223 845 tas
233 820 334 855 atque
346 806 491 844 efficaces
503 809 558 842 illu
565 807 806 854 nones,quibus
819 820 879 842 nos
891 820 966 854 per-

176 858 281 905 petuo
293 859 510 893 circunuenit.
535 859 661 891 Verum
677 856 741 890 hoc
759 857 894 904 quidem
907 856 966 896 est,

174 905 314 942 fallacias
337 908 404 940 eius
428 918 543 941 omnes
570 906 656 939 aliud
676 904 736 940 effe
757 906 841 940 nihil
861 905 964 952 qnam

174 956 277 989 laruas
291 954 443 1002 quasdam
453 980 462 995 ,
475 966 529 989 aut
542 953 686 988 scenicos
701 953 901 989 histrionum
911 955 964 987 lu-

174 1005 280 1040 dos&
293 1003 537 1052 prael'tigiaszsed
549 1004 716 1051 egregiam
732 1003 902 1037 stultitiam
915 1003 964 1036 vel

174 1055 288 1101 potius
298 1055 477 1087 amentiam
499 1052 642 1086 nostram
656 1076 666 1091 ,
681 1052 879 1099 experientia
891 1051 962 1086 satis

173 1102 288 1149 prodit
299 1125 309 1141 ,
323 1114 426 1148 quum
441 1113 501 1135 nos
527 1102 572 1135 ita
592 1098 684 1135 facile
704 1102 802 1134 etiam
816 1112 915 1147 atque
927 1113 962 1134 e-·

171 1152 252 1186 tiam
262 1148 328 1184 falli
341 1147 515 1196 decipique
532 1150 684 1196 patimur.
716 1152 827 1193 Quare
844 1149 865 1183 si
877 1150 962 1183 cauti

172 1211 210 1234 ac
221 1199 418 1233 considerati
430 1197 741 1244 effmnusperpemb
753 1198 820 1232 haec
829 1210 894 1232 vox
903 1211 962 1232 au-

170 1259 221 1282 res
233 1247 355 1282 nostras
367 1246 710 1295 personaret,Qu9rite
720 1245 835 1281 faciem
847 1260 960 1281 meam.

172 1295 234 1331 Sed
246 1297 326 1343 quid
346 1297 544 1342 quaerimus?
565 1298 649 1339 Qo
670 1297 762 1329 Deus
774 1295 819 1331 est
833 1295 961 1330 studio-

170 1345 236 1380 sior
243 1357 278 1379 ac
291 1345 485 1392 diligentior
497 1346 530 1378 in
544 1343 766 1380 saluternostra
779 1357 960 1392 procuran-

170 1394 210 1428 da
223 1417 233 1432 ,
247 1394 289 1428 eo
300 1406 361 1427 nos
377 1396 410 1428 in
424 1394 537 1428 eadem
551 1391 771 1440 persequenda
784 1395 961 1441 negligen-

169 1443 272 1478 tiores
293 1455 328 1477 ac
346 1443 506 1478 tardiores
523 1440 643 1476 sumus.
669 1444 809 1477 Vtinam
823 1444 960 1490 quidem

167 1494 214 1525 116
227 1491 360 1526 essemus
379 1491 498 1526 similes
514 1492 605 1538 equis
618 1491 795 1525 calcitrolis
812 1504 847 1526 ac
859 1490 941 1526 refra
952 1513 961 1520 ι

167 1540 514 1588 &arii5,regredientes
525 1541 636 1587 potius
648 1540 747 1587 quim
762 1541 960 1588 progredie-

167 1601 228 1624 tes.
241 1589 303 1624 Sed
313 1600 423 1623 tamen
435 1589 500 1623 hoc
512 1591 665 1636 exemplu
677 1601 745 1622 non
757 1589 880 1623 temere
893 1602 958 1623 no-

166 1637 219 1672 bis
228 1637 273 1673 est
285 1637 564 1685 propofitfi.Nain
577 1638 638 1686 hec
649 1641 700 1686 pia
710 1638 853 1672 Dauidis
867 1638 960 1673 resti-

165 1686 291 1726 ficatio,
307 1687 399 1734 quod
414 1688 447 1721 in
460 1688 560 1721 corde
572 1686 628 1720 suo
641 1700 710 1721 eam
724 1686 760 1722 sit
771 1687 959 1722 doctrinam

163 1736 344 1782 meditatus
355 1759 365 1774 ,
383 1748 445 1782 qua
455 1736 567 1783 &ipse
578 1740 610 1772 &
622 1748 740 1770 omnes
763 1735 878 1770 fideles
899 1737 959 1770 ad-

164 1789 346 1819 monentur
358 1796 393 1818 vt
402 1783 520 1819 faciem
532 1786 599 1819 Dei
617 1795 762 1832 quaerant
774 1808 784 1823 ,
806 1784 904 1818 nobis
916 1797 958 1818 o-

164 1831 288 1868 stendit
313 1833 414 1880 quam
426 1846 486 1867 nos
502 1834 541 1868 ad
559 1846 627 1867 rem
648 1833 791 1868 studium
810 1835 958 1868 nostrum

165 1880 316 1917 conferre
327 1881 524 1921 debeamus,
539 1895 580 1916 ne
600 1884 694 1917 Deus
714 1894 774 1916 nos
793 1882 833 1916 ad
851 1881 881 1916 se
895 1894 957 1916 vo-

166 1942 400 1978 carm-operam
412 1955 422 1970 ‚
433 1942 469 1965 νε
482 1931 602 1966 dicitur
613 1955 623 1971 ‚
640 1930 725 1965 suam
738 1931 874 1978 perdere
886 1933 957 1977 pla-

167 1978 214 2012 ῐιὲ
221 1980 380 2014 videatur.
394 1981 505 2014 Huius
517 1991 626 2014 autem
640 1980 798 2015 doetrinae
810 1980 876 2014 duo
887 1980 957 2016 sunt

167 2028 275 2074 capita
285 2027 514 2064 obseruatione
525 2028 724 2076 digniffima.
737 2031 883 2063 Primum
897 2029 954 2068 est.

167 2075 261 2123 quod
273 2075 466 2124 simulatque
485 2079 577 2112 Deus
589 2079 746 2125 loquutus
757 2077 801 2112 est
817 2079 861 2112 ita
872 2090 955 2125 pra:-

167 2124 306 2171 cipiens‚
317 2126 462 2172 Qrite
472 2124 588 2161 faciem
601 2139 706 2161 meam
720 2142 728 2162 ε
743 2127 781 2161 ad
795 2127 877 2162 hanc
889 2139 955 2161 vo·

167 2184 237 2207 cem
247 2173 376 2219 optimo
384 2174 488 2207 animi
499 2174 607 2209 studio
619 2174 686 2222 ipse
696 2174 877 2222 respondit.
891 2178 954 2210 Al-

167 2231 276 2255 terum
289 2219 334 2255 est
350 2243 361 2259 ,
381 2220 472 2267 quod
484 2222 692 2269 posteaquam
703 2236 868 2272 praecepto
885 2226 953 2259 Dei

166 2267 292 2305 assensit
303 2292 313 2308 ,
324 2280 422 2316 atque
431 2266 593 2303 affirmans
607 2271 650 2304 ita
662 2272 743 2306 dixit
755 2297 763 2309 ‚
778 2274 954 2317 pollicetur

167 2317 200 2353 se
211 2328 248 2352 vt
259 2315 375 2353 faciem
387 2319 454 2352 Dei
465 2319 604 2365 quaerat'‚
622 2318 728 2365 reipsa
740 2319 854 2355 officio
868 2331 953 2368 ope-v

165 2368 268 2414 raque
278 2366 657 2414 praestiturum.,;Et·certe
666 2366 719 2401 hic
731 2368 776 2402 est
785 2370 952 2417 ordo-‚quo

165 2416 201 2451 in
213 2417 292 2451 Deo
304 2416 446 2450 colendo
454 2415 632 2463 procedere
640 2415 798 2464 debemus
809 2439 820 2456 ‚
841 2429 876 2453 vt
887 2420 953 2453 im-

165 2465 282 2512 primis
292 2465 418 2499 aditum
436 2462 658 2511 accessumque
671 2463 775 2499 verbo
785 2477 819 2499 ac
831 2477 952 2512 praece-

164 2524 225 2561 pto
236 2515 304 2549 Dei
316 2513 535 2560 praebeamus:
552 2513 834 2561 quemadmodum
854 2515 953 2550 etiam

165 2563 246 2598 alius
257 2574 318 2598 nos
327 2562 472 2597 psalmus
481 2561 658 2602 admonet,
675 2563 706 2597 Si
718 2561 821 2597 hodie
833 2574 950 2598 vocem

41 2595 153 2633 Psd'95‘
168 2612 236 2646 eius
248 2612 416 2646 audieritis
431 2634 442 2650 ‚
464 2611 569 2654 nolint
590 2610 770 2647 obfirmare
781 2612 880 2646 corda
890 2624 967 2647 ve-.

41 2645 152 2714 {lehn}
165 2661 239 2697 stra.
252 2661 320 2696 -Sed
332 2660 700 2707 perpauci-reperiuntur
714 2683 724 2699 ‚
735 2661 793 2707 qui
802 2660 866 2695 hoc
875 2662 950 2695 ani..

162 2709 379 2746 momandata
389 2709 710 2755 Deiamplestantur:
723 2711 863 2744 maxima
873 2711 950 2756 qui-

163 2759 237 2794 dem
247 2770 317 2806 pars
328 2758 386 2792 hac
398 2758 544 2803 praeclara
566 2768 677 2792 vtetur
687 2759 840 2792 oratione
849 2771 884 2792 ac
895 2771 948 2793 re-

158 2805 340 2856 sponsione
351 2829 362 2845 ,
375 2808 423 2840 Ita
433 2805 504 2840 sane
515 2806 648 2853 aequ'um·
655 2806 699 2841 est
710 2821 718 2841 z
732 2819 801 2842 non
813 2818 950 2853 oportet

165 2867 221 2891 aut
232 2857 309 2891 licet
322 2854 559 2891 contradicere.
583 2856 645 2890 Sed
659 2855 798 2890 multum
807 2856 897 2891 abest
913 2864 949 2892 vt

164 2905 256 2951 quod
266 2917 324 2939 ore
341 2901 553 2938 assentiuntur
564 2928 575 2944 ‚
587 2905 621 2939 in
631 2905 780 2938 animum
801 2904 948 2950 ipsorum

164 2955 444 3002 penetret.1taque
454 2949 611 2987 discamus
621 2963 682 2987 nos
691 2952 766 2987 hinc
777 2951 948 3001 principit}

164 3003 296 3050 pietatis
304 3001 420 3037 nostrae
430 2999 532 3036 facere
542 3024 552 3040 ,
570 3012 607 3036 νε
621 3001 697 3036 νει-ὲ
708 3013 809 3049 atque
828 3015 864 3036 ex
874 3005 948 3037 ani-³

165 3062 223 3085 mo
233 3050 484 3098 respondeamus
497 3051 588 3088 Deo,
602 3061 662 3084 nos
673 3050 767 3096 plane
779 3052 947 3099 intellige-

165 3110 201 3134 re
209 3111 245 3135 ac
253 3098 370 3135 sentire
383 3098 543 3133 summum
554 3099 622 3133 eius
630 3093 949 3147 beneficium‚quum

164 3147 505 3193 advcont'emplandam
525 3145 639 3181 faciem
649 3145 735 3181 suam
746 3158 811 3182 tam
825 3148 946 3184 huma-

166 3195 253 3229 niter
269 3197 399 3231 inuitat.
428 3199 544 3244 Qum
558 3195 611 3230 hic
623 3194 726 3230 sensus
737 3209 772 3231 ac
792 3208 901 3232 motus
910 3211 946 3232 a-

164 3244 294 3279 nimum
302 3245 347 3280 ita
354 3243 461 3282 affecit
471 3255 567 3293 atque
576 3246 765 3294 praeparauit
774 3270 783 3287 ‚
795 3244 867 3282 fieri
875 3250 950 3283 non*

1018 157 1271 197 COLEN.
1322 159 1469 197 ΠΕΟ.
1773 173 1837 215 645

1031 223 1135 265 potest
1146 224 1225 269 quin
1237 224 1358 271 reliqua
1372 225 1474 272 offijj
1485 239 1520 261 ac
1535 226 1665 273 pietatis
1676 240 1746 274 pars
1758 230 1823 265 sta-

1023 269 1084 321 tim
1101 271 1339 318 consequatur,
1356 277 1459 309 virtus
1481 277 1634 311 videlicet
1646 277 1817 324 praestandi

1020 317 1055 350 id
1067 341 1077 356 ,
1089 320 1180 364 quod
1193 326 1224 355 δε
1236 322 1252 355 τὶ
1273 323 1352 356 Deo
1365 323 1532 359 iustiffime
1544 327 1732 361 mandatum
1744 328 1816 369 effe,

1019 369 1052 400 ἅτ
1072 368 1112 420 ad
1136 368 1286 404 nostrum
1309 373 1478 417 quoddam
1503 373 1663 421 singulare
1686 375 1815 412 bonum

1019 426 1183 460 pertinere
1193 418 1434 465 cognoscimus.
1461 424 1583 470 Neque
1595 425 1683 458 enim
1695 426 1813 461 Dauid

1017 461 1173 511 frigidam
1186 470 1217 501 δι
1237 480 1401 503 mortuam
1416 471 1535 506 habuit
1556 473 1813 509 meditationem

1018 511 1085 546 sine
1093 514 1155 547 vlla
1166 517 1629 568 motione,applicati0n6que
1642 523 1744 557 totius
1757 525 1814 558 vi·-

1019 571 1070 600 tae,
1080 561 1120 595 ad
1138 565 1349 608 quaerendum
1363 578 1399 600 ac
1410 571 1703 616 contemplandum
1717 573 1811 608 illum

1016 611 1084 644 Dei
1096 610 1306 658 conspcaestum
1320 613 1534 651 conferendae.
1544 620 1604 653 Sed
1618 618 1811 670 simulatque

1016 658 1187 694 constituit
1208 661 1269 695 fibi
1294 664 1406 697 Deum
1434 669 1646 711 quaerendum
1668 667 1730 704 esse
1743 693 1754 710 ,
1775 671 1810 705 in

1017 709 1103 742 viam
1116 707 1146 742 se
1159 710 1213 743 dat
1225 723 1298 744 cum
1310 725 1344 746 ea
1357 712 1590 749 testificatione
1601 740 1610 755 ‚
1624 728 1658 750 vt
1675 718 1754 753 illud
1770 732 1809 753 a-

1015 756 1153 791 nimisui
1165 758 1309 794 studium
1323 759 1450 795 summa
1463 775 1535 797 cum
1549 766 1720 812 diligentia
1733 780 1811 814 per-

1015 805 1175 859 sequatur.
1199 810 1275 850 Qua
1292 811 1325 843 in
1341 823 1373 844 re
1385 814 1607 860 maximopere
1621 827 1676 847 eos
1687 819 1810 862 pudere

1015 856 1138 889 nect-sse
1148 854 1194 889 est
1206 879 1217 896 ‚
1236 859 1293 904 qui
1313 858 1342 893 se
1358 859 1569 895 Christianos
1595 863 1809 909 profitentur,

1014 903 1107 950 quod
1119 915 1225 951 neque
1239 907 1317 940 illud
1328 910 1429 943 animi
1444 909 1585 944 studium
1601 911 1804 961 motumque

1013 954 1105 999 pium
1116 975 1126 991 ,
1156 966 1264 1002 neque
1276 956 1479 1004 consequens
1496 962 1568 994 vitae
1583 959 1733 996 officium
1743 976 1803 997 co-

1012 1002 1080 1035 lant
1089 1012 1185 1048 atque
1198 1015 1376 1039 exerceant.
1397 1009 1443 1040 At
1458 1009 1592 1054 quidam
1607 1011 1803 1051 illud'ditet,

1013 1049 1160 1085 Sibinon
1176 1051 1274 1086 licere
1284 1056 1419 1099 patriam
1439 1058 1642 1105 relinquere:
1662 1061 1805 1105 quanuis

1012 1097 1139 1134 salutari
1151 1102 1225 1134 vitae
1237 1101 1326 1148 pastu
1339 1103 1555 1140 destituantur
1569 1131 1579 1146 ,
1591 1107 1744 1155 nihilque
1756 1109 1805 1145 ibi

1012 1148 1231 1195 conspiciatur
1252 1162 1368 1197 praeter
1388 1152 1584 1189 horrendam
1605 1156 1805 1198 v.:stitatem5

1011 1208 1074 1243 q-ua
1088 1197 1252 1232 vniuersus
1267 1200 1416 1234 Ecclesiae
1430 1204 1514 1236 ordo
1529 1202 1804 1245 delbrmatus‚aut

1011 1247 1150 1280 omnino
1162 1245 1302 1282 sublatus
1315 1251 1442 1284 est.Cur
1452 1252 1554 1287 ita?ne
1565 1251 1712 1288 officium
1725 1258 1803 1290 vio-

1010 1295 1079 1329 lent
1089 1293 1192 1336 suum,
1210 1297 1302 1344 quod
1315 1299 1461 1346 Principi
1475 1299 1531 1334 suo
1546 1305 1681 1339 naturali
1693 1304 1806 1341 ciuih‘-

1010 1356 1075 1391 que
1086 1344 1231 1391 praestare
1246 1345 1440 1382 debent-Ad
1455 1348 1535 1384 hanc
1547 1363 1660 1385 eorum
1674 1354 1805 1389 oratio-f

1011 1405 1086 1427 nem
1101 1406 1171 1428 non
1182 1395 1295 1429 multis
1306 1395 1416 1431 verbis
1429 1397 1824 1446 respondeboztantumq

1010 1442 1115 1476 modo
1128 1455 1165 1476 ex
1180 1443 1243 1477 illis
1253 1455 1364 1491 quaero
1377 1469 1388 1485 ‚
1401 1445 1422 1479 si
1435 1448 1468 1480 in
1482 1460 1516 1481 ea
1528 1449 1633 1482 viftus
1643 1451 1755 1497 inopia
1766 1464 1802 1486 ac

1011 1490 1226 1526 destitutione
1245 1492 1467 1535 versarentur,
1486 1508 1521 1529 vt
1546 1499 1636 1543 quod
1666 1500 1802 1535 ederent

1009 1550 1065 1573 aut
1077 1538 1230 1575 biberent
1244 1563 1254 1580 ‚
1268 1542 1362 1576 domi
1375 1541 1432 1577 suat
1444 1547 1587 1579 omnino
1601 1548 1684 1580 nihil
1699 1548 1802 1583 habe-

1009 1599 1094 1627 rent,
1111 1602 1150 1623 an
1171 1590 1233 1624 vlla
1251 1602 1307 1624 eos
1321 1590 1487 1626 dubitatio
1501 1595 1607 1629 illisin
1627 1597 1709 1629 locis
1721 1599 1803 1632 retia

1009 1641 1127 1672 neret?
1143 1639 1258 1673 Nemo
1270 1639 1357 1674 certe
1369 1640 1425 1681 est,
1441 1643 1496 1689 qui
1510 1642 1569 1677 fibi
1582 1644 1803 1692 non·aliquain

1009 1685 1247 1734 indulgentiam
1259 1688 1503 1735 postularet,vel
1516 1694 1628 1738 potius*
1638 1695 1803 1730 licentiam

1009 1737 1119 1781 patriae
1132 1737 1357 1784 relinquendae
1365 1738 1468 1780 daret,
1483 1752 1523 1774 ne
1535 1739 1802 1782 fameibi-more-

1008 1794 1106 1818 retur·
1130 1787 1274 1820 Statuam
1287 1787 1386 1821 etiarn
1399 1801 1435 1822 ac
1450 1801 1572 1835 ponam
1586 1791 1665 1825 illud
1676 1814 1686 1830 ‚
1708 1794 1802 1829 Quod

1007 1833 1116 1866 minus
1128 1835 1292 1881 priuilegij
1311 1834 1461 1871 habetzsr
1477 1838 1510 1871 in
1536 1850 1619 1872 terra
1632 1830 1735 1874 alienia
1755 1843 1801 1876 eis

1007 1879 1177 1917 offerretur
1189 1882 1339 1930 sexcuplo
1359 1885 1431 1930 plus
1455 1885 1624 1921 bonorum
1645 1890 1742 1936 quain
1765 1892 1800 1926 in

1007 1927 1059 1963 sua
1070 1929 1191 1965 habent
1201 1933 1302 1978 patria
1316 1956 1326 1972 ‚
1336 1934 1422 1967 nulla
1436 1932 1629 1971 difficultate
1649 1939 1797 1986 impedi-

1006 1991 1136 2020 rentur,
1147 1981 1229 2027 quin
1244 1981 1305 2015 iter
1318 1981 1397 2017 illud
1409 1981 1710 2034 susciperent-‚quo
1725 2000 1796 2023 eam

1005 2025 1173 2064 bonorum
1187 2028 1518 2076 poffeffionem‘adire
1529 2033 1667 2080 posi-enta
1699 2038 1795 2084 Oxuid

1004 2077 1137 2123 prodest
1155 2079 1257 2126 igitur
1269 2079 1330 2112 hos
1345 2081 1496 2116 colorum
1517 2094 1687 2129 praetextus
1699 2079 1796 2120 affer-

1003 2127 1056 2165 te,
1075 2139 1176 2174 quum
1194 2128 1342 2171 apertum
1357 2128 1634 2179 manifestumque
1659 2133 1797 2181 sitipso-

1003 2185 1074 2209 rum
1087 2177 1276 2210 orationem
1286 2175 1328 2210 ab
1348 2178 1448 2212 animi
1463 2178 1548 2214 sensu
1562 2182 1663 2229 longe
1675 2182 1796 2218 abesse?

1002 2221 1151 2259 Non‘hic
1165 2228 1325 2271 agitur‚vt
1336 2227 1468 2261 veniant
1480 2229 1640 2264 interram
1653 2232 1796 2280 aliquam

1002 2272 1216 2307 inimicorum
1248 2273 1607 2326 inquietambeildque
1632 2278 1793 2321 infestam

1002 2320 1062 2354 vbi
1073 2333 1235 2368 cogantur
1249 2332 1365 2357 contra
1378 2324 1566 2373 Principem
1589 2327 1677 2361 suum
1697 2340 1792 2364 arma

1001 2367 1097 2408 ferre,
1112 2368 1306 2417 bellumque
1316 2374 1452 2408 naturali
1466 2373 1524 2408 suae
1537 2377 1644 2422 parrlae
1657 2374 1788 2412 inferret

1001 2417 1055 2451 sed
1069 2419 1305 2454 tantummodo
1318 2429 1354 2454 vt
1374 2432 1447 2456 eum
1466 2435 1611 2470 quaerant
1631 2425 1742 2458 locum
1754 2437 1791 2461 ae

1001 2463 1160 2504 sedermin
1170 2479 1233 2514 qua
1246 2466 1357 2504 Deum
1370 2471 1482 2518 quiete
1493 2485 1527 2506 ac
1541 2473 1715 2519 tranquille
1727 2486 1790 2508 co-

1000 2515 1145 2554 lant,vbi
1156 2517 1242 2550 nulla
1253 2529 1286 2551 re
1297 2519 1713 2567 impediantur‚quominus
1724 2534 1789 2570 pro

1000 2559 1056 2596 suo
1068 2565 1220 2612 Principe
1228 2574 1297 2614 atq-3-
1307 2568 1466 2602 omnibus
1480 2571 1546 2603 eius
1562 2567 1701 2604 subditis
1711 2584 1788 2618 pre*

1001 2622 1053 2645 cea
1064 2612 1175 2652 castaS,
1187 2615 1270 2661 pias,
1282 2614 1493 2663 salutaresque
1506 2617 1694 2653 adhibeant.
1711 2621 1786 2656 Pla-⁴

999 2659 1040 2694 ne
1052 2660 1239 2698 huiusmodi
1251 2663 1414 2711 profectio
1425 2665 1510 2700 hunc
1520 2667 1552 2700 in
1563 2667 1674 2701 locum
1688 2668 1786 2704 insti-

1000 2719 1081 2748 tuta,
1092 2710 1183 2757 quod
1196 2713 1234 2747 ad
1244 2715 1369 2748 crimen
1382 2715 1515 2761 quidem
1527 2716 1657 2756 attinet,
1668 2729 1736 2752 non
1749 2731 1786 2753 a-

998 2758 1095 2792 liaest
1106 2759 1204 2805 quam
1217 2772 1351 2802 caeterae,
1362 2775 1433 2809 quae
1446 2769 1580 2810 propter
1595 2765 1716 2812 aliquas
1731 2769 1785 2802 vi·-

999 2816 1038 2840 tae
1050 2808 1210 2854 praesentis
1229 2812 1486 2846 commoditates
1508 2823 1605 2859 atque
1614 2824 1784 2862 opportu-

998 2856 1120 2890 nitates
1129 2857 1422 2907 suscipiuntunquq
1433 2861 1526 2893 omni
1538 2861 1632 2907 plane
1644 2865 1785 2901 crimine

998 2916 1102 2951 carere
1115 2904 1293 2944 solent.Sed
1307 2909 1640 2945 videamusadhucan
1653 2912 1709 2947 ista
1721 2927 1762 2948 ne
1771 2936 1783 2943 <

998 2953 1120 2987 ceffitas
1132 2954 1203 2990 sitis
1214 2970 1269 2992 eos
1280 2955 1509 2991 excusenEcce
1526 2959 1618 2993 Deus
1628 2962 1683 3008 qni
1698 2975 1783 3009 prat-¹

997 3003 1077 3049 cipit
1088 3015 1122 3038 ac
1134 3005 1225 3045 dicit,
1239 3006 1386 3051 Qaerite
1399 3003 1515 3040 faciem
1528 3012 1783 3045 meamtprinci-

996 3062 1052 3097 pes
1063 3053 1143 3086 vero
1156 3051 1317 3089 ciuilesab
1329 3066 1368 3087 eo
1380 3053 1540 3101 deficiunt
1561 3080 1572 3096 ‚
1598 3057 1694 3106 se'que
1705 3060 1782 3094 lon·-

996 3098 1124 3147 giffime*
1137 3114 1299 3141 auertunt,
1313 3104 1508 3148 atquealios
1517 3106 1555 3140 ad
1564 3107 1701 3142 eandem
1716 3109 1777 3142 de·

995 3147 1173 3185 festione'm
1183 3163 1281 3199 atque
1291 3150 1474 3187 rebellioni?
1482 3165 1681 3202 cogunt,aut
1693 3157 1784 3192 cert&

995 3197 1122 3233 niiseras
1139 3202 1263 3234 animas
1274 3198 1395 3246 pabulo
1414 3202 1543 3248 priuant
1563 3205 1780 3249 quotidiano,

993 3244 1122 3296 prdque
1142 3250 1212 3285 Dei
1228 3247 1310 3284 faeie
1326 3247 1488 3298 figmenta
1508 3250 1781 3299 superstitionum·
