2113 3674
9 3486 13 3674 —-—-
5 3415 12 3473 *-
9 3377 11 3400 Α,
0 3337 11 3362 „A

64 3372 76 3379 Ι

533 209 640 244 'DE
691 208 949 244 LIBERO

163 272 237 306 tatis
256 282 378 306 nomen
389 268 501 303 valeat.
529 269 823 315 Semper‚inquit‚
843 267 945 301 libera

163 321 210 356 est
228 323 379 355 voluntas
389 319 421 352 in
432 316 568 351 homine
581 342 591 356 ‚
604 317 654 351 scd
668 330 735 351 nou
745 316 869 363 semper
880 315 924 350 bo
933 336 944 340 -

165 383 216 404 na.
246 370 364 406 Malam
378 366 457 401 vero
480 365 540 400 esse
560 366 691 401 testatur
710 377 830 400 naturae
843 366 941 405 vitio,

163 420 265 467 gratia
279 417 398 460 bonam
410 414 492 448 fieri.
524 416 628 449 Vides
645 428 719 449 eum
731 416 794 449 iam
806 414 945 448 liberam

163 467 269 504 facere
279 467 482 502 ,voluntatem
495 486 504 502 ‚
528 476 598 511 quae
620 463 840 498 nihilominus
861 463 946 497 nihil

162 516 260 564 quain]
274 507 354 556 mala
365 510 459 559 perse
471 511 530 546 esse
542 511 823 560 poffit.Rcsp6dct
835 512 946 558 postea

161 563 362 614 argumentis
373 562 436 595 iliis
451 584 461 600 ,
475 573 545 608 quae
571 575 607 596 ex
627 562 717 610 Lege
732 566 765 597 &
777 563 947 608 praeceptis

162 615 268 655 obiici
279 612 381 646 solent
398 611 577 657 :Magnum
588 610 726 659 aliquid,
737 611 946 657 ait‚Pel.igia-

161 665 196 703 ni
218 661 246 698 se
266 660 387 695 habere
407 670 523 706 putant
534 684 543 699 ‚
557 659 691 706 quando
713 659 848 694 dicunt:
861 661 945 694 Non

159 711 285 746 iuberet
298 711 389 744 Deus
399 732 408 748 ‚
421 709 513 755 quod
526 707 639 747 sciret,
652 719 718 742 non
733 706 820 754 poffe
831 707 871 741 ab
881 708 946 742 ho-

160 761 248 795 mine
260 759 342 794 fieri.
372 760 458 801 Qis
469 757 533 791 hoc
548 756 689 791 nesciat?
721 757 783 791 Sed
795 758 871 793 ideo
893 758 946 792 iu-

158 809 216 844 bet
228 810 336 856 aliqua
348 818 418 854 quae
432 819 499 841 non
513 805 677 851 possumus
688 828 697 845 ‚
709 816 744 840 vt
753 807 945 841 mouerimus

158 859 238 905 quid
251 858 357 892 abillo
367 867 476 903 petere
495 855 685 889 debeamus.
712 854 782 902 Ipsi
794 856 886 889 enim
900 855 945 890 est

159 907 241 942 fides
251 930 261 947 ,
275 918 346 954 quae
358 904 484 939 orando
497 905 540 938 im
548 915 651 950 petiuit
662 928 671 943 ,
690 905 781 950 quod
792 906 860 939 Lex
878 905 943 938 im-

158 967 261 1004 perat.
292 954 447 990 Deinde:
467 955 607 988 Certum
629 952 673 986 cst
686 976 696 991 ‚
711 952 863 986 mandata
882 965 944 987 nos

158 1004 282 1041 seruare
293 1029 302 1044 ,
314 1004 334 1038 li
348 1003 514 1037 volumus.
538 1002 599 1036 Sed
619 1002 695 1048 quia
714 1013 907 1048 praeparatur
926 1003 944 1036 a

159 1055 318 1089 Domino
331 1053 482 1086 voluntas
494 1074 503 1090 ‚
513 1050 622 1084 abillo
635 1050 815 1097 petendum
829 1049 874 1084 est
885 1074 894 1089 ‚
908 1061 944 1084 vt

159 1115 289 1138 tantum
302 1102 454 1140 velitum,
466 1110 624 1147 quantum
637 1097 764 1139 sufficit,
777 1110 811 1133 vt
823 1100 944 1133 volen-

160 1153 205 1187 do
219 1150 382 1185 faciamus.
395 1150 534 1184 Certum
546 1147 592 1183 est
603 1171 612 1188 ‚
625 1160 686 1182 nos
697 1148 780 1181 velle
791 1147 866 1182 cum
879 1160 942 1182 vo-

158 1202 286 1235 lumus:
303 1199 353 1233 sed
365 1199 418 1236 ille
430 1196 557 1237 facit,vt
567 1197 705 1231 velimus
714 1196 944 1241 borium.Cer-

159 1261 230 1284 tum
244 1249 300 1286 est,
315 1259 374 1281 nos
386 1245 488 1281 facere
501 1244 575 1279 curn
589 1243 684 1279 facim
692 1256 724 1278 us
737 1257 744 1278 ε
757 1244 808 1279 sed
820 1246 874 1279 ille
891 1244 943 1280 fa-

159 1299 256 1335 cit,vt
265 1295 428 1332 faciamus,
441 1293 528 1328 dado
540 1294 623 1327 vires
634 1291 866 1327 efficaciffimas
878 1306 942 1328 vo-

156 1344 401 1390 luntati.Pergit
409 1354 480 1377 tum
489 1340 843 1388 postea‚compluribus
859 1344 943 1377 Scri‘»

156 1404 257 1441 pturae
269 1391 466 1427 testimoniis
478 1390 657 1425 monstrare
668 1413 678 1430 ,
693 1403 727 1424 ea
747 1389 813 1437 ipsa
827 1388 940 1427 Deum

155 1441 260 1478 iacere
272 1443 304 1475 in
315 1440 413 1477 nobis
425 1464 435 1479 ,
448 1451 518 1486 quae
529 1437 632 1474 facere
641 1451 702 1474 nos
715 1438 818 1474 iubet.
844 1442 940 1476 Tan-

156 1491 232 1526 dem
246 1490 304 1525 vbi
320 1490 359 1525 ad
377 1487 627 1525 conclusionem
645 1488 736 1522 venit
747 1511 756 1526 ‚
769 1487 812 1522 {ie
823 1489 939 1536 loqui-

154 1540 302 1575 turzSatis
315 1551 368 1573 me
377 1536 546 1585 disputaffe
557 1536 745 1572 arbitrorad
752 1536 858 1581 uersus
869 1551 938 1579 eos,

156 1590 214 1637 qui
225 1590 292 1623 Dei
304 1588 441 1636 gratiam
455 1586 668 1621 vehementer
678 1587 933 1634 oppugnitzqua

155 1639 308 1672 voluntas
329 1636 470 1671 humana
491 1645 559 1669 non
572 1636 701 1670 tollitur
712 1658 722 1674 ‚
743 1633 796 1669 sed
808 1647 846 1669 ex
857 1636 939 1670 mala

153 1698 299 1722 mutatur
308 1686 341 1720 in
353 1685 477 1720 bonam
487 1710 497 1725 ‚
507 1690 541 1721 δι
553 1683 628 1719 cum
639 1684 727 1718 bona
737 1682 835 1717 fuerit
846 1707 855 1723 ,
874 1685 934 1719 ad-

152 1736 283 1770 iuuatur
295 1749 302 1768 ι
312 1737 344 1771 δι
355 1733 398 1769 sic
409 1732 596 1780 disputasse,
609 1743 644 1767 vt
653 1742 722 1767 non
735 1733 839 1779 magis
859 1746 940 1782 ego,⁴

151 1783 252 1831 quam
264 1783 375 1818 diuina
388 1783 550 1829 Scriptura
564 1782 674 1816 locuta
684 1780 722 1816 fit
734 1803 743 1819 ‚
757 1781 937 1818 euidentis-

150 1832 231 1868 sima
251 1832 401 1866 veritate.
431 1834 516 1877 Qae
537 1832 699 1879 Scriptura
716 1829 739 1864 fi
760 1830 938 1878 diligenter

150 1881 342 1928 inspicitur,
354 1879 521 1920 ostendit,
533 1892 601 1914 non
623 1880 727 1914 solum
746 1879 852 1913 bonas
870 1880 936 1914 ho—

149 1932 279 1965 minum
291 1929 478 1964 voluntates
488 1952 498 1968 ‚
520 1941 598 1976 quus
609 1928 673 1975 ipse
682 1926 759 1963 facit
771 1941 808 1963 ex
830 1930 936 1970 malis,

149 1983 183 2016 δι
197 1978 253 2014 ase
266 1977 366 2012 fahs
379 1976 483 2012 bonas
495 1978 528 2012 in
544 1979 633 2012 afflis
646 1977 754 2011 bonos
765 1999 775 2016 ‚
788 1981 820 2013 δι
832 1979 933 2014 vitam

150 2029 267 2076 dirigit
276 2038 441 2065 aeternam,
455 2028 666 2061 verumetiam
683 2027 839 2073 illas‚qu-ae
850 2040 936 2062 con-

149 2075 275 2111 seruant
283 2075 583 2113 secu-licreaturarn‚
605 2075 649 2109 ita
662 2073 722 2109 effe
735 2076 768 2109 in
787 2077 854 2110 Dei
871 2088 935 2124 po-

151 2125 265 2160 testate
277 2147 286 2164 ‚
298 2134 334 2158 vt
345 2136 396 2158 eas
408 2124 476 2172 quo
493 2124 634 2158 voluerit
646 2147 655 2162 ,
668 2124 802 2171 quando
815 2127 935 2160 volue-

151 2174 214 2213 rit,
230 2171 326 2208 faciat
334 2173 494 2208 inclinari.
525 2172 630 2214 Quod
642 2172 663 2207 si
675 2184 794 2220 potens
805 2173 850 2208 est
863 2196 871 2212 ‚
893 2173 934 2208 fi—

151 2235 193 2257 ue
211 2234 268 2269 per
285 2222 434 2268 Angelos
449 2222 500 2255 vel
515 2221 628 2256 bonos
650 2222 702 2255 vel
722 2224 827 2256 malos
840 2247 850 2263 ‚
869 2222 935 2258 siue

150 2281 352 2319 quocunque
360 2270 424 2303 alio
437 2270 540 2304 modo
551 2293 561 2309 ,
581 2271 710 2316 operari
721 2271 755 2305 in
778 2271 934 2307 cordibus

150 2320 313 2355 malorum
326 2341 336 2356 ‚
348 2330 408 2365 pro
420 2319 545 2352 metitis
554 2331 668 2353 eorum
679 2341 689 2358 ‚
701 2332 844 2366 quorum
861 2333 934 2355 ma-

149 2369 257 2403 litiam
278 2365 344 2413 ipse
363 2379 432 2401 non
454 2365 531 2401 fecit
549 2390 559 2406 ,
584 2366 638 2401 sed
656 2368 708 2402 vel
727 2369 935 2416 originaliter

148 2418 250 2452 trmffa
261 2415 306 2450 est
317 2414 358 2449 ab
370 2414 439 2462 ipso
452 2415 560 2450 Adam
574 2438 585 2454 ‚
598 2416 650 2449 vel
668 2418 769 2452 creuit
787 2430 843 2464 per
852 2430 934 2465 pro-

147 2466 254 2514 priam
270 2465 474 2499 voluntatem
491 2474 506 2503 0,
525 2464 605 2511 quid
621 2465 741 2499 mirum
755 2465 776 2500 si
790 2479 846 2513 per
858 2468 933 2513 Spi-

148 2515 248 2549 ritum
263 2512 407 2547 finctum
427 2525 581 2569 operatur
591 2513 624 2546 in
638 2513 795 2548 cordibus
805 2516 932 2549 elesso-

147 2560 328 2598 rum‘bona
339 2586 349 2602 ,
370 2562 428 2609 qui
445 2572 599 2608 operatus
612 2561 657 2596 est
670 2584 688 2601 ‚.
706 2573 742 2596 vt
757 2563 855 2598 corda
868 2562 934 2611 ipsa

148 2610 249 2647 essent
260 2625 297 2646 ex
307 2612 400 2646 malis
411 2610 523 2645 bona?
535 2611 585 2645 En
598 2609 716 2658 quibus
730 2611 873 2647 liberum
886 2625 935 2647 ara

148 2661 286 2696 b'itrium
302 2660 468 2695 encomiis
487 2659 554 2693 illic
573 2660 718 2694 extollat.
745 2661 788 2695 Et
811 2671 933 2703 tamen,

147 2722 211 2758 qua
233 2707 314 2743 solet
342 2708 538 2743 verecundia
555 2730 567 2748 ‚
590 2707 725 2757 Pighius
742 2721 804 2743 nos
824 2709 934 2745 studio

147 2759 299 2794 claudere
309 2758 427 2792 oculos
440 2759 629 2792 criminatur
640 2780 650 2795 ,
673 2770 715 2792 ne
727 2757 933 2795 clariffimam

147 2807 254 2843 lucem
267 2819 448 2841 cernamus.
475 2807 519 2841 Et
529 2806 614 2841 adeo
625 2805 685 2840 sibi
698 2807 803 2854 placet
811 2830 822 2847 ‚
835 2818 871 2842 vt
882 2809 934 2843 vel

147 2855 218 2890 solo
239 2855 330 2891 hiatu
349 2857 425 2890 oris'
447 2854 476 2890 se
499 2855 638 2890 Ιεᾶοτεε
658 2857 827 2892 incantare
845 2855 934 2904 poffe

147 2904 264 2954 speret.

196 2954 367 3001 Qoniam
380 2962 488 2988 autem
502 2952 536 2987 in
546 2965 617 2987 mea
628 2952 934 3002 Institutione,p0st

147 3001 309 3038 doetrinae
321 3002 438 3037 nostrae
455 3002 709 3049 explicationem
720 3026 730 3042 ‚
742 3015 933 3051 argumenta

147 3049 364 3087 refutaueram
376 3075 386 3091 ‚
401 3050 520 3097 quibus
530 3048 592 3084 sese
601 3064 724 3086 armare
735 3050 840 3086 solent
850 3076 860 3091 ‚
873 3053 932 3100 qui

146 3110 218 3134 eam
231 3113 424 3149 oppugnare
436 3101 574 3134 volunt:
587 3099 642 3133 has
653 3100 714 3134 fibi
726 3114 814 3135 nunc
827 3114 932 3148 partes

146 3147 282 3197 suscipit
293 3173 303 3190 ‚
316 3149 540 3183 vtsolutiones
553 3161 640 3182 meas
653 3161 706 3184 aut
717 3147 866 3198 frigidas,
877 3162 932 3186 aut

146 3199 255 3233 minus
273 3199 384 3246 plenas
397 3222 408 3238 ‚
430 3209 485 3232 aut
497 3200 623 3244 ineptas
634 3221 645 3237 ‚
665 3209 718 3233 aut
738 3200 851 3234 inanes
871 3199 932 3235 effe

147 3257 265 3282 omnes
278 3249 465 3282 conuincat.
499 3248 578 3282 Hoc
588 3258 623 3281 vt
634 3244 747 3287 faciat,
761 3248 931 3296 dialogum

149 3297 350 3344 componit:
367 3296 402 3331 in
414 3308 481 3344 quo
501 3308 556 3332 me
574 3296 703 3333 inducit
720 3297 933 3347 loquentem,

1003 209 1377 245 ARBITRIO.
1732 224 1789 258 203

998 266 1052 302 sed
1066 281 1126 314 pro
1141 269 1199 304 suo
1212 271 1409 304 commodo.
1438 270 1528 304 Nam
1541 271 1673 316 quoties
1695 272 1790 314 libet,

996 315 1095 350 verba
1107 318 1285 365 abrumpit.
1317 321 1472 354 Dixerum
1485 331 1594 353 autem
1610 321 1640 353 in
1652 334 1721 355 mea
1731 326 1790 356 In-

996 364 1169 400 stitutione
1187 390 1196 406 ‚
1221 369 1280 413 qui
1301 369 1461 402 doctrina.-
1488 368 1604 403 nostrae
1627 369 1787 410 resistunt,

997 427 1053 449 eos
1065 413 1200 449 absurda
1213 417 1358 461 qnaedaim
1371 429 1550 465 congerere
1565 441 1574 457 ,
1586 418 1706 465 quibus
1719 433 1788 455 edin

996 462 1146 497 odiosam
1158 464 1296 498 reddant
1309 488 1318 504 ,
1330 478 1484 513 tanquam
1500 465 1516 500 ὲ
1527 470 1698 502 communi
1712 467 1786 502 scn-

997 511 1028 546 su
1039 510 1273 547 abhorrentem
1287 527 1295 546 :
1309 514 1427 556 deinde
1448 517 1618 562 Scripturae
1632 516 1785 551 testimo-

996 560 1059 594 niis
1079 573 1153 595 cum
1172 573 1207 594 ea
1225 563 1395 608 congredi·
1428 565 1516 608 Qia
1537 564 1688 612 Vtrasque
1715 580 1786 601 ma—

998 608 1108 644 chinas
1117 610 1297 644 ordineme
1315 611 1513 658 repulsurum
1531 614 1713 660 profiteor,
1731 614 1784 650 su-

997 657 1143 705 perbiam
1157 671 1264 693 meam
1283 662 1413 707 tragicis
1425 662 1714 698 acclamationibus
1726 678 1784 699 ex-

995 708 1116 754 agitat:
1130 706 1222 754 quod
1235 719 1298 755 ego
1310 731 1320 746 ,
1335 708 1473 742 misellus
1486 711 1575 745 culex
1587 735 1596 751 ,
1609 724 1658 746 tot
1673 713 1779 754 simul,

996 751 1169 803 tanto'sque
1190 756 1406 803 elephantos,
1424 762 1455 792 δι
1473 759 1622 795 nobilem
1645 763 1733 797 illam
1744 776 1782 797 a-

995 805 1158 852 quilarum
1171 806 1466 852 congregationem
1481 829 1491 845 ‚
1504 807 1568 842 hoc
1581 809 1625 843 cst
1635 833 1644 848 ‚
1656 822 1780 846 veteres

995 866 1113 888 omnes
1138 853 1411 889 sanctosadoriar.
1442 857 1492 890 Ac
1511 856 1614 891 rursus
1633 855 1722 894 suum
1738 862 1781 894 il-

993 903 1060 937 lum
1074 903 1273 949 catalogum,
1286 916 1362 938 meo
1371 903 1453 950 stylo
1467 905 1530 938 iam
1544 905 1686 952 superius
1694 921 1780 943 con—

993 949 1108 986 fofl'um
1120 956 1151 987 δι
1163 950 1284 986 erasum
1297 953 1422 992 recitat.
1439 953 1518 1000 ,Ego
1531 955 1611 989 vero
1622 969 1690 992 non
1703 970 1780 994 cum

992 1001 1136 1048 antiquis
1144 1000 1293 1038 Patribus
1304 1001 1387 1036 mihi
1398 1001 1520 1037 bellum
1535 1004 1594 1037 elic
1605 1005 1780 1050 profiteor,

992 1047 1044 1083 sed
1057 1061 1130 1087 cum
1143 1048 1264 1096 Pighio
1278 1050 1432 1084 duntaxat
1444 1055 1475 1086 &
1489 1051 1713 1092 similibus‚vel
1725 1069 1780 1091 ca-

993 1097 1089 1132 nibus
1107 1121 1117 1138 ‚
1134 1100 1185 1132 vel
1197 1100 1394 1146 porciszqui
1408 1098 1638 1135 sacrosanctam
1652 1108 1682 1138 &
1696 1104 1780 1140 salu-

993 1158 1094 1181 tarem
1108 1148 1176 1187 Dei
1190 1148 1360 1182 veritatem
1371 1173 1379 1189 ‚
1394 1150 1511 1195 partim
1524 1151 1656 1197 impuro
1667 1157 1699 1187 δε
1711 1154 1779 1188 ob-

993 1194 1105 1230 scoeno
1115 1195 1221 1230 rostro
1232 1200 1464 1236 contaminant
1476 1221 1485 1237 ‚
1499 1201 1618 1245 partim
1639 1205 1778 1236 concul-

993 1255 1065 1278 cant
1078 1244 1216 1292 pedibus
1227 1269 1235 1284 ,
1249 1246 1365 1292 partim
1379 1259 1542 1282 venenato
1560 1249 1673 1289 morsu
1690 1251 1778 1286 lace-

991 1304 1064 1328 rant
1076 1317 1084 1332 ,
1098 1295 1215 1342 partim
1235 1295 1348 1329 latratu
1372 1294 1631 1343 persequuntur„
1649 1300 1778 1335 Verum

991 1341 1014 1376 fi
1032 1343 1065 1377 in
1078 1341 1246 1377 refutanda
1259 1343 1326 1377 eius
1339 1345 1527 1390 garrulitate
1546 1345 1689 1381 infistere
1703 1350 1774 1383 vel-

990 1391 1175 1431 lemmullus'
1189 1390 1263 1426 effe:
1275 1391 1362 1426 finis·
1374 1394 1514 1439 Itaquea
1523 1395 1705 1430 lectoribus
1717 1410 1778 1444 pe,-

990 1450 1026 1474 to
1038 1463 1047 1478 ‚
1056 1449 1097 1474 'ne
1107 1440 1124 1476 a
1135 1453 1168 1474 re
1178 1441 1243 1488 ipsa
1256 1441 1420 1475 dimoueri
1434 1441 1462 1475 se
1473 1445 1649 1488 pariantur.
1671 1447 1778 1494 Qod

989 1487 1012 1523 sl
1026 1489 1108 1524 mihi
1119 1488 1484 1530 dederint,efficiam,ne
1496 1493 1578 1538 quid
1589 1493 1622 1526 in
1633 1497 1715 1528 meis
1725 1509 1780 1530 re—

988 1536 1220 1585 sponsionibus
1236 1538 1431 1574 desiderent.

1036 1588 1300 1634 Nunc‚primum
1311 1589 1403 1636 quod
1416 1589 1519 1623 recito
1531 1589 1705 1625 absurdum
1717 1592 1775 1627 est.

988 1636 1020 1670 Si
1033 1644 1200 1682 peccatum
1214 1636 1409 1671 necessitatis
1423 1637 1468 1672 est
1480 1659 1490 1677 ,
1508 1640 1572 1673 iam
1585 1639 1703 1676 desinit
1716 1641 1777 1676 esse

987 1696 1158 1731 pecca-tum
1178 1699 1186 1720 :
1208 1684 1231 1719 si
1250 1687 1475 1729 voluntarium
1493 1686 1559 1726 est,
1582 1700 1663 1737 ergo
1680 1691 1776 1724 vitari

988 1733 1108 1780 potest.
1136 1734 1239 1768 Addo
1260 1742 1389 1774 autem,
1408 1737 1488 1770 Hoc
1504 1736 1697 1771 dilemmate
1717 1750 1778 1773 ve-

987 1793 1098 1817 xatum
1119 1784 1202 1817 olim
1226 1781 1316 1818 fuiffe
1341 1783 1565 1832 Augustinum
1585 1785 1601 1821 Ξι
1624 1787 1777 1835 Pelagio·

989 1831 1119 1866 Clamat
1131 1831 1184 1866 hic
1195 1831 1402 1879 phreneticus
1412 1857 1422 1873 ‚
1437 1845 1490 1867 rne
1503 1835 1648 1869 mentiri.
1669 1835 1776 1883 Atqui

988 1879 1072 1914 nihil
1085 1881 1165 1919 dixi,
1175 1881 1267 1928 quod
1277 1893 1346 1915 non
1358 1882 1563 1930 Augustinus
1577 1883 1643 1930 ipse
1658 1886 1778 1931 prodi-

987 1929 1083 1964 derit.
1111 1931 1209 1964 Hanc
1233 1930 1323 1964 enim
1343 1931 1466 1978 Pelagij
1483 1932 1775 1968 ratiocinationem

986 1991 1110 2018 nonam
1125 1979 1241 2025 ponit,
1252 1977 1340 2014 libro
1351 1979 1392 2013 de
1407 1979 1611 2027 perfec'tione
1632 1981 1773 2018 iustitiae.v

987 2030 1158 2076 Qergo
1172 2028 1227 2062 ista
1246 2026 1291 2062 est
1303 2027 1408 2063 rabies
1420 2052 1429 2066 ‚
1448 2041 1568 2077 negare
1581 2030 1704 2078 vspiam
1725 2031 1775 2065 es-

984 2075 1016 2111 se
1025 2099 1035 2115 ‚
1048 2077 1140 2123 quod
1151 2086 1227 2111 ante
1237 2077 1354 2111 oculos
1363 2076 1559 2113 exhibetur?
1590 2082 1636 2114 At
1656 2079 1775 2115 fimili-

985 2136 1034 2159 ter
1054 2123 1125 2159 vsus
1137 2125 1183 2161 est
1198 2137 1312 2160 contra
1330 2126 1534 2162 Manichaeos
1555 2130 1773 2177 Augustinus,

983 2175 1063 2209 Rite
1074 2174 1392 2222 quidem,&optima
1400 2177 1623 2216 ratione‚csim
1634 2179 1681 2212 illi
1695 2191 1775 2225 pec-

983 2235 1091 2258 catum
1106 2223 1299 2258 hominibus
1309 2223 1327 2258 ὲ
1339 2225 1415 2259 Deo
1427 2225 1614 2273 ingenitum
1627 2226 1777 2267 esse,tan-=

983 2284 1083 2319 quam
1101 2271 1310 2307 substantiale
1330 2274 1472 2314 malum,
1494 2274 1682 2322 fingerent:
1702 2289 1772 2311 non

984 2320 1207 2355 concederent
1219 2321 1303 2355 vitio
1324 2324 1466 2369 propriae
1480 2325 1662 2360 voluntatis
1684 2328 1773 2360 acci-

984 2366 1072 2403 diffe.
1101 2368 1224 2404 Nostra
1235 2381 1345 2405 autem
1359 2371 1449 2405 causa
1467 2370 1642 2407 dissimilis.
1680 2375 1772 2422 Ergo

983 2417 1077 2452 ficuti
1095 2417 1191 2452 huius
1211 2417 1340 2453 absurdi
1365 2420 1561 2456 obieetione
1582 2422 1685 2456 hodie
1710 2435 1775 2457 nos

982 2478 1180 2514 oppugnant
1192 2468 1418 2503 Romanenses
1438 2469 1611 2517 theologi,
1625 2472 1669 2505 ita
1688 2472 1772 2506 olim

983 2516 1097 2550 eadem
1111 2517 1332 2563 Augustinum
1351 2519 1499 2565 Pelagius
1509 2519 1774 2566 impetebat-Ex-

982 2573 1030 2599 tat
1039 2565 1127 2598 enim
1138 2564 1222 2599 liber
1238 2588 1248 2604 ‚
1268 2567 1325 2612 qui
1339 2565 1403 2601 hoc
1413 2566 1561 2610 testatur(
1588 2569 1772 2616 Negandm

984 2612 1064 2659 quid
1077 2613 1230 2660 proficiet
1244 2615 1441 2663 Pighius?Et
1455 2626 1565 2650 tamen
1579 2617 1770 2664 illud‚quod

982 2661 1001 2696 ὲ
1014 2673 1068 2696 me
1078 2661 1226 2697 additum
1238 2663 1375 2712 Pighius
1397 2664 1622 2712 praetermilit,
1643 2678 1772 2711 quantae

984 2711 1028 2745 est
1044 2712 1280 2758 ingenuitatis?
1310 2714 1414 2748 Nolle
1436 2716 1488 2748 ine
1507 2713 1617 2750 hostes
1637 2715 1771 2751 nostros

983 2762 1171 2807 praegrauari
1183 2761 1305 2844 Pelagjj
1315 2763 1452 2796 nomine
1463 2786 1473 2802 ,
1491 2763 1597 2798 donec
1609 2763 1649 2798 de
1658 2777 1691 2800 re
1705 2764 1772 2812 ipsa

982 2806 1178 2844 satisfaetum
1189 2809 1207 2844 ὲ
1218 2823 1262 2843 no
1291 2813 1317 2845 is
1329 2809 1437 2845 fuerit.
1452 2811 1558 2846 Porro
1569 2811 1748 2848 satisfacien
1757 2836 1770 2842 -

983 2857 1123 2914 diwratio
1143 2857 1211 2893 haec
1229 2858 1276 2894 est
1299 2873 1307 2894 =
1327 2859 1561 2895 Nihilominus
1579 2862 1649 2896 iure
1671 2863 1771 2899 nobis

980 2907 1136 2954 imputari
1148 2919 1318 2955 peccatum
1330 2932 1339 2948 ‚
1352 2908 1476 2944 etiamsi
1495 2909 1704 2946 necessarium
1718 2911 1768 2947 fit.

981 2957 1082 2993 Ratio
1100 2955 1168 2996 est,
1189 2958 1265 3004 quia
1277 2957 1299 2992 si
1316 2960 1390 3005 quis
1402 2971 1477 2992 cum
1497 2960 1576 2994 Deo
1590 2959 1769 3007 disceptare

980 3005 1078 3045 velit,
1091 3010 1124 3042 &
1139 3005 1205 3040 hoc
1217 3018 1372 3053 praetextu
1386 3007 1546 3042 iudiciuin
1558 3008 1766 3058 subterfuge-

980 3068 1034 3092 re,
1047 3055 1123 3102 quia
1133 3056 1228 3091 aliter
1250 3068 1319 3090 non
1337 3057 1461 3103 poterit
1471 3079 1482 3096 ‚
1501 3056 1601 3092 habet
1622 3070 1766 3105 paratam

979 3102 1227 3150 responsionem
1247 3118 1255 3138 :
1280 3106 1429 3140 Pei-ditio
1449 3117 1504 3141 tua
1522 3104 1618 3141 Israel
1636 3121 1644 3141 :
1666 3109 1765 3143 inme

978 3154 1215 3190 tantummodo
1239 3154 1394 3189 auxilium
1418 3166 1524 3190 tuum.
1555 3155 1655 3191 Vnde
1677 3157 1766 3191 enim

979 3202 1038 3238 ista
1053 3203 1255 3250 impotentia
1275 3226 1285 3242 ‚
1300 3203 1359 3238 nisi
1377 3217 1414 3238 ex
1433 3215 1553 3239 naturae
1572 3203 1769 3240 vitiofitate?

979 3251 1080 3287 Vnde
1092 3252 1194 3298 porro
1205 3251 1368 3287 vitiositas
1379 3277 1390 3293 ‚
1404 3252 1464 3287 nisi
1475 3253 1566 3299 quod
1585 3253 1690 3287 homo
1705 3254 1766 3288 de—

979 3298 1087 3337 fecit&
1098 3299 1154 3339 suo
1165 3300 1289 3350 opifice
1309 3304 1323 3336 ἓ
1340 3303 1451 3337 Huius
1472 3299 1670 3338 defeftionis
1687 3301 1764 3345 cirin
