2113 3674
245 203 290 238 24

302 254 338 287 P.
366 247 545 287 Sicsentio.

304 302 356 335 Μ.
379 303 540 349 Quam
558 295 611 332 hic
622 291 826 331 adorationis
845 289 966 338 species
976 289 1038 324 da-

256 353 367 385 natur?

303 401 339 433 P.
372 400 489 444 Ogum
509 393 547 428 ad
566 393 701 427 statuam
715 390 767 424 vel
787 390 962 437 imaginem
973 399 1036 423 nos

256 447 483 482 conuertit-nus
504 441 689 490 precaturi,
706 451 815 474 coram
827 451 863 473 ea
883 449 944 470 nos
956 449 1036 484 pro·

255 496 447 532 sternimus:
461 503 604 540 genuum
616 488 760 523 flexione
776 500 846 523 -aut
857 487 928 520 aliis
938 485 1038 533 signis

256 543 450 580 exhibemus
470 542 517 575 illi
536 539 721 578 honorem,
746 537 805 572 acsi
825 538 919 572 Deus
929 535 996 569 illic
1007 533 1038 567 se

256 592 356 627 nobis
368 589 618 637 repraesentaret.

306 641 358 676 Μ,
376 641 460 675 Non
480 649 560 684 ergo
577 634 761 684 quamlibet
778 632 968 682 simpliciter
985 632 1038 679 pi-

255 690 381 725 &uram
404 688 455 721 vel
482 683 676 732 sculpturam
696 684 746 719 his
767 683 875 718 verbis
893 680 1039 716 damnari

256 735 512 784 intelligendum
523 734 636 770 est2sed
646 733 774 768 tantiam
783 729 945 780 imagines
958 742 1037 777 pro-

255 785 410 821 hibemur
423 783 526 819 facere
536 784 569 818 in
580 784 666 818 hunc
679 782 832 820 finem‚vt
841 782 874 815 in
887 779 949 814 illis
961 780 1040 815 Defi

257 836 309 870 vcl
321 834 571 881 quaeramuswel
585 833 729 871 colamus
742 845 749 865 :
765 829 937 877 siue‚quod
949 828 1038 863 idem

255 883 302 919 est
314 907 324 923 ‚
335 895 386 917 eas
399 884 545 916 colamus
564 883 599 917 in
612 882 679 917 Dei
690 881 853 915 honorem
866 893 874 913 t
887 888 941 912 aut
951 890 1041 925 quo-

254 945 325 981 quo
337 932 441 967 modo
453 932 516 966 illis
525 931 565 966 ad
576 931 838 980 superstitionem
850 934 883 965 δι
893 927 1038 963 idolola-

254 983 351 1017 triam
364 980 548 1015 abutamur.

304 1034 339 1066 P·
368 1033 508 1066 Verum.

301 1079 353 1115 M.
373 1081 518 1114 Nuncin
531 1089 629 1124 quem
643 1074 745 1111 finem
767 1085 864 1123 caput
875 1073 941 1110 hoc
952 1071 1039 1110 refe-

253 1131 380 1165 temus?

305 1181 342 1213 P.
375 1173 673 1225 Quemadmodum
704 1172 869 1221 superiore
889 1185 993 1207 vnum
1009 1171 1040 1207 se

255 1225 317 1263 effe
328 1225 535 1262 denuntiauit
551 1236 650 1272 quem
660 1223 726 1258 coli
737 1233 892 1270 oporteat
910 1227 942 1258 &
954 1222 1037 1256 ado-

254 1277 334 1312 rari:
353 1278 397 1310 ita
409 1287 495 1309 nunc
505 1285 577 1321 qua·
588 1274 676 1307 referi
694 1270 734 1306 sit
751 1272 955 1306 adorationis
967 1269 1039 1306 for-

255 1338 309 1362 ma
320 1324 478 1362 ostendit,
485 1335 553 1369 quo
564 1334 626 1356 nos
640 1321 680 1356 ab
690 1322 787 1356 omni
797 1319 1039 1367 superstitione,

254 1375 389 1421 aliisque
401 1371 527 1407 vitiosis
545 1376 578 1409 δι
596 1369 779 1407 carnalibus
804 1369 976 1418 figmentis
985 1382 1039 1404 re-

255 1435 366 1460 uocet.

302 1473 355 1508 M.
373 1474 563 1519 Pergamus.

303 1522 342 1556 P.
367 1521 581 1556 Sanctionem
594 1515 757 1565 adiungit.
772 1516 802 1553 se
818 1515 977 1551 Iehouam
989 1514 1038 1551 es-

252 1570 283 1606 se
291 1571 406 1605 Deum
421 1567 570 1603 nostrum
583 1590 593 1606 ‚
604 1564 725 1600 fortem
734 1591 743 1605 ‚
755 1567 945 1612 zelotypum
958 1588 968 1605 ,
981 1566 1039 1612 qui

253 1619 405 1655 vindicet
416 1618 627 1664 iniquitatem
640 1626 768 1662 patrum
781 1616 814 1649 in
827 1613 928 1654 filios,
939 1614 1039 1661 vsque

253 1669 289 1705 in
301 1669 432 1702 tertiam
445 1672 477 1703 &
487 1675 634 1714 quartam
646 1664 910 1711 generationem,
922 1675 1039 1698 eorum

254 1718 312 1767 qui
327 1717 354 1751 se
365 1717 512 1750 oderint.

303 1766 353 1800 M.
375 1767 445 1801 Cur
462 1762 672 1799 mentionem
693 1758 900 1797 fortitudinis
919 1758 978 1795 suae
989 1757 1039 1795 fa-

255 1817 301 1852 cit
314 1817 327 1849 ?
717 1844 733 1863 Ο

302 1865 339 1898 P.
371 1863 424 1898 Eo
438 1857 648 1911 fignificat‚se
659 1857 698 1894 ad
712 1859 853 1908 gloriam
863 1856 950 1893 suam
962 1859 1041 1893 vin-

255 1912 431 1949 dicandam
444 1911 516 1946 satis
527 1909 648 1944 habere
657 1909 827 1956 potentiae.

303 1963 356 1998 Μ.
376 1960 470 2004 Quid
482 1958 653 2005 zelotypiae
666 1956 832 1992 vocabulo
842 1955 963 1993 indicat
975 1959 991 1991 ?

303 2014 342 2047 P.
365 2011 536 2058 AEqualem
546 2017 601 2042 aut
611 2005 736 2041 socium
759 2004 842 2041 ferre
854 2017 924 2040 non
939 2004 1040 2053 poss'e.

253 2060 344 2097 Nam
356 2071 391 2094 vt
404 2059 432 2094 se
444 2058 543 2093 nobis
562 2079 573 2096 ‚
594 2068 654 2103 pro
666 2054 800 2090 infinita
810 2054 861 2091 sua
874 2055 1040 2095 bonitate,

255 2109 457 2148 donauit,ita
470 2118 530 2141 nos
543 2107 612 2140 vult
626 2102 686 2139 effe
699 2103 827 2151 prorsus
838 2103 1040 2151 suoS.Atque

253 2157 321 2194 haec
334 2159 515 2193 animarum
526 2153 710 2190 nostrarum
725 2153 770 2189 est
781 2152 973 2192 castitas‚illi
985 2155 1038 2189 di-

255 2218 342 2243 catas
352 2204 423 2243 effe,
437 2210 469 2243 ἃ
482 2205 614 2252 penitus
622 2202 801 2237 adhaerere:
822 2201 903 2237 licut
915 2200 1039 2237 rursum

254 2256 418 2292 adulterio
429 2253 698 2302 polluidicuntur
707 2273 718 2291 ‚
736 2251 816 2288 dum
826 2251 867 2286 ab
878 2263 918 2285 eo
937 2251 976 2285 ad
985 2248 1040 2285 su-

254 2304 487 2354 perstitionem
496 2300 714 2338 demetunt.-

304 2355 355 2389 Μ.
378 2356 460 2400 Qo
471 2350 560 2387 sensu
573 2350 638 2385 boc
649 2347 775 2383 diaum
785 2346 969 2388 est,Vlcisci
978 2360 1039 2396 pa·

255 2414 343 2439 trum
354 2402 564 2449 iniquitatem
575 2401 610 2434 in
623 2396 725 2432 filios?

300 2455 338 2487 P.
369 2451 451 2501 Qo
463 2451 534 2498 plus
546 2446 645 2483 nobis
657 2445 795 2481 incutiat
808 2445 954 2485 terroris,
969 2458 1039 2480 non

253 2500 385 2536 tantum
397 2502 437 2534 de
459 2501 498 2534 iis
514 2494 806 2547 quioffenderint,
825 2507 938 2542 poenas
950 2493 1037 2530 sum-

253 2560 386 2598 pturum
399 2549 429 2584 se
439 2544 647 2583 minaturzsed
659 2556 775 2579 eorum
788 2555 924 2593 quoque
935 2542 1039 2579 sobo·

256 2600 322 2633 lem
335 2597 406 2633 fore
417 2597 637 2632 maledictam.

300 2647 351 2681 M.
375 2647 481 2694 Atqui
492 2659 532 2680 an
543 2646 609 2680 hoc
627 2642 694 2679 Dei
705 2640 852 2690 equitati
865 2638 1038 2676 consenta-

252 2708 355 2731 neum
367 2695 413 2730 est
423 2718 434 2735 ,
452 2707 617 2744 quemque
628 2693 744 2741 punire
759 2701 896 2740 propter
905 2690 1037 2725 alterius

253 2747 390 2780 noxam?

303 2796 340 2828 P.
372 2793 405 2828 si
416 2793 519 2840 qualis
530 2790 567 2828 fit
577 2790 713 2826 humani
726 2791 856 2840 generis
867 2788 1035 2831 conditio,

252 2853 453 2890 reputamus,
466 2841 568 2876 soluta
579 2838 625 2876 est
634 2839 779 2888 quaestio.
807 2841 934 2876 Natura
944 2841 1037 2874 enim

253 2891 484 2926 maledietioni
497 2889 637 2948 99⁰0le
657 2888 764 2924 sumus
774 2899 892 2926 omnes
902 2900 978 2923 :nec
989 2888 1037 2925 est

252 2939 346 2987 quod
358 2939 398 2974 de·
412 2942 488 2974 Deo
499 2941 838 2987 coqueramur,quum
848 2938 881 2973 in
894 2935 954 2973 hac
963 2933 1036 2971 sor-

253 2999 287 3023 te
302 3000 363 3022 nos
377 2988 546 3035 relinquit.
577 2989 646 3021 Iam
665 2987 844 3026 verb‚sicut
859 2984 945 3021 suam
958 2997 1034 3035 erga

251 3038 327 3084 pios
338 3037 565 3075 dileffionem
574 3048 686 3070 eorum
696 3036 881 3083 posteritati
892 3034 1033 3070 benedi-

253 3087 360 3120 cendo
374 3083 588 3121 demonstrat:
599 3087 642 3120 ita
654 3083 740 3119 suam
748 3083 898 3120 aduersus
909 3085 1032 3131 impios

252 3135 434 3169 vindiaam
447 3157 459 3174 ‚
478 3146 593 3168 eorum
612 3131 701 3169 filios
720 3133 781 3170 hac
792 3133 1032 3170 benedicstione

251 3176 618 3230 priuando‚exequitur.

297 3230 350 3264 M·
371 3232 486 3281 Perge.
854 3228 881 3257 α’

297 3278 338 3313 Ρ.
367 3280 449 3327 Q&
459 3291 522 3329 nos
530 3277 666 3316 amabili
677 3279 777 3316 etiam
785 3278 943 3317 suauitate
953 3278 1031 3329 alli.

875 178 972 216 DE
1036 176 1252 214 LEGE.

1089 242 1170 278 ciat,
1184 238 1404 273 misericordia
1417 236 1546 273 vsurum
1569 237 1598 274 se
1610 239 1780 287 promittit
1791 251 1868 289 erga

1087 301 1218 328 omna,
1234 289 1290 334 qui
1304 288 1332 321 se
1342 287 1500 335 diligunt,
1511 287 1625 337 furique
1639 291 1791 326 mandata
1800 289 1869 324 ob-

1085 337 1225 375 struant,
1235 338 1267 370 in
1281 337 1369 370 mille
1380 339 1621 383 generationes.

1133 387 1182 421 Μ.
1197 384 1457 434 Intelligitnepi)
1470 385 1617 422 hominis
1627 387 1869 427 innocentiam,

1088 434 1226 487 posteris
1246 435 1405 468 omnibus
1426 458 1436 475 ‚
1455 438 1607 482 quamuis
1624 438 1758 486 impiis,
1776 436 1871 472 saluti

1089 487 1176 518 tore?

1140 536 1174 567 1³.
1193 533 1414 580 Nequaquam
1428 531 1499 567 ised
1510 532 1575 568 hoc
1588 534 1796 575 modo‚suam
1807 534 1871 570 be-

1090 582 1289 630 nignitatem
1301 582 1343 616 eo
1355 581 1453 629 vsque
1465 581 1494 617 se
1514 580 1685 619 effusurum
1698 597 1772 633 erga
1783 584 1870 619 fide-

1089 631 1185 668 les,vt
1196 631 1228 664 in
1241 643 1354 665 eorum
1365 633 1634 679 gratiam‚eorum
1645 632 1870 682 quoqueseli·

1092 679 1179 714 beris
1200 678 1384 728 benignum
1407 680 1578 716 exhibeat:
1596 694 1663 717 non
1682 682 1810 722 tantum
1822 694 1872 717 res

1092 740 1206 762 eornm
1220 729 1543 777 prosperaquuoad
1555 730 1743 779 praesentem
1755 733 1872 767 vitam:

1092 777 1144 812 sed
1162 778 1284 812 animas
1305 791 1440 826 quoque
1460 779 1604 826 ipsorum
1621 779 1874 822 sanctificando,

1092 826 1160 874 quo
1172 827 1205 860 in
1219 839 1318 876 grege
1330 827 1385 861 suo
1396 827 1597 864 censeantur.

1141 876 1192 910 Μ.
1220 878 1327 925 Atqui
1347 875 1412 911 hoc
1430 890 1626 926 perpetuum
1646 892 1715 915 non
1734 877 1796 915 effe
1814 888 1875 926 ap·-

1093 936 1195 972 paret.

1140 977 1176 1008 P.
1205 973 1333 1009 Fateor.
1370 976 1665 1023 Qemadmodum
1687 979 1775 1014 enim
1786 976 1876 1014 libe-

1092 1035 1165 1058 rum
1185 1022 1249 1056 hoc
1270 1023 1330 1059 fibi
1347 1027 1466 1059 retinet
1476 1048 1487 1064 ,
1509 1037 1544 1060 vt
1563 1024 1808 1063 misericordem
1829 1026 1875 1069 se,

1093 1071 1168 1107 cum
1180 1071 1325 1112 libuerit,
1340 1074 1521 1120 impiorum
1531 1074 1643 1110 liberis
1653 1076 1817 1112 exhibeat:
1828 1078 1876 1112 ita

1092 1120 1177 1155 suam
1189 1123 1326 1170 gratiam
1338 1135 1407 1156 non
1418 1124 1502 1158 adeo
1514 1123 1659 1160 astrinxit
1671 1124 1819 1160 fidelium
1831 1126 1876 1160 li-

1093 1170 1180 1205 beris
1192 1194 1201 1210 ‚
1221 1172 1277 1217 qui
1296 1183 1356 1218 pro
1373 1169 1431 1206 suo
1449 1172 1587 1208 arbitrio
1605 1175 1755 1221 repudiet
1765 1186 1801 1209 ex
1813 1175 1877 1209 illis
1889 1192 1997 1225 R.,„‚9,

1093 1232 1179 1268 quos
1192 1218 1295 1254 visum
1309 1220 1416 1255 fuerit:
1429 1220 1470 1255 sic
1481 1233 1592 1257 tamen
1603 1223 1636 1258 id
1651 1234 1826 1271 temperat,
1840 1233 1879 1260 vt

1093 1268 1344 1316 promissionem
1355 1269 1439 1305 hanc
1448 1283 1517 1305 non
1535 1283 1651 1306 vanam
1672 1271 1732 1307 effe
1743 1284 1803 1309 nec
1815 1271 1880 1308 fal-

1092 1319 1195 1353 lacem
1209 1317 1350 1352 constet.

1141 1367 1193 1402 M.
1220 1369 1289 1402 Cur
1299 1368 1390 1402 mille
1402 1366 1455 1402 hic
1464 1370 1711 1416 generationes:
1727 1370 1762 1405 in
1772 1381 1879 1417 poenae

1092 1417 1173 1451 verb
1187 1416 1401 1452 damnatione
1417 1428 1482 1452 tres
1500 1418 1655 1453 duntaxat
1672 1430 1726 1454 aut
1737 1431 1880 1468 quatuor

1088 1466 1265 1500 nominat?

1141 1517 1178 1548 P.
1198 1513 1280 1561 Q
1290 1511 1499 1561 fignificet‚se
1506 1514 1546 1549 ad
1556 1514 1796 1561 human-itatem
1806 1530 1881 1553 ma-

1093 1565 1143 1612 gis
1156 1568 1187 1600 &
1201 1561 1474 1602 beneficentiam,
1495 1564 1596 1610 quarn
1614 1567 1653 1600 ad
1672 1564 1878 1603 seueritatem

1093 1611 1293 1660 propensum
1314 1609 1387 1646 effe.
1425 1613 1514 1646 Sicut
1527 1615 1627 1649 etiam
1637 1614 1716 1650 alibi
1729 1614 1874 1655 testatur,
1890 1635 1967 1668 ,exod

1094 1674 1198 1709 quum
1216 1662 1246 1694 se
1264 1659 1303 1694 ad
1316 1657 1557 1708 ignoscendum
1569 1660 1697 1699 facilem
1709 1662 1770 1700 else
1781 1664 1876 1706 dicit,
1888 1659 1975 1712 345·-

1093 1711 1224 1747 tardum
1238 1708 1318 1745 vero
1331 1709 1369 1743 ad
1381 1710 1474 1744 iram.
1889 1717 1986 1753 psalm.

1143 1758 1195 1793 M.
1222 1760 1294 1792 Iam
1303 1757 1344 1800 ad
1353 1759 1501 1793 tertium.
1889 1765 1943 1794 1⁰3·
1953 1759 1982 1792 8,

1144 1810 1182 1842 P.
1201 1808 1285 1842 Non
1298 1803 1466 1856 i'surpabis
1477 1820 1601 1844 nomen
1611 1808 1746 1846 lehouae
1754 1809 1881 1847 Deitui
1893 1803 1929 1865 ἓν
1946 1804 2006 1834 ¹45·

1094 1855 1168 1893 frufl
1176 1868 1219 1891 ra.
1911 1856 1920 1866 ⁸

1144 1907 1196 1942 M.
1224 1905 1310 1953 Qis
1324 1902 1447 1940 sensus?

1137 1959 1174 1991 P.
1200 1957 1301 1991 Vetat
1313 1967 1353 1989 ne
1364 1956 1431 1990 Dei
1444 1956 1584 1991 nomine
1593 1955 1767 1993 abutamur
1775 1981 1787 1998 ,
1808 1971 1881 1996 non

1096 2006 1276 2052 peierando
1288 2005 1437 2046 tantum,
1456 2004 1510 2041 sed
1531 2017 1647 2054 praeter
1656 2005 1880 2045 neceffitatem

1095 2056 1250 2089 iurando.
1293 2078 1296 2082 ·

1151 2103 1202 2138 M.
1232 2102 1334 2138 Estne
1342 2103 1459 2150 aliquis
1469 2105 1617 2139 nominis
1627 2105 1697 2140 Dei
1710 2102 1780 2140 vsus
1791 2105 1880 2156 legi·

1095 2154 1197 2188 timus
1209 2154 1242 2186 in
1254 2153 1481 2187 iureiurando?

1144 2204 1182 2235 P.
1205 2201 1282 2236 Imo
1294 2200 1465 2236 verbzcum
1477 2200 1653 2236 adhibetur
1662 2215 1700 2237 ex
1710 2202 1791 2238 iusta
1800 2215 1879 2238 cau-

1095 2249 1135 2285 sa.
1147 2249 1309 2289 Primum,
1321 2248 1490 2285 afferendae
1505 2251 1645 2286 veritati:
1657 2251 1878 2293 deind-mum

1094 2300 1164 2334 eius
1177 2301 1340 2335 momenti
1352 2298 1398 2334 est
1406 2301 1633 2348 negotium,vt
1642 2300 1746 2335 iurare
1757 2314 1814 2349 par
1823 2301 1877 2343 fit,

1093 2349 1133 2382 ad
1149 2359 1296 2383 mutuam
1306 2350 1392 2383 inter
1402 2347 1557 2383 homines
1566 2349 1722 2384 tuendam
1733 2351 1877 2385 charita-

1092 2408 1158 2433 tem
1170 2402 1202 2434 δι
1214 2397 1442 2432 concordiam.

1144 2446 1195 2482 M.
1218 2444 1477 2485 Verum‚:innon
1489 2446 1621 2495 longius
1633 2444 1766 2493 Γρεᾶειτ,
1775 2446 1878 2494 quam

1093 2495 1133 2529 ad
1146 2494 1333 2547 cohibenda
1345 2495 1537 2535 iuramenta,
1551 2493 1674 2542 quibus
1687 2495 1879 2542 profanatur

1093 2545 1162 2580 Dei
1175 2555 1369 2583 nomen‚aut
1380 2544 1590 2578 imminuitur
1599 2544 1667 2579 eius
1677 2544 1803 2580 honos?

1143 2596 1180 2629 P.
1210 2591 1381 2640 Proposita
1403 2604 1466 2627 vna
1484 2590 1588 2639 specie
1598 2615 1609 2632 ‚
1632 2593 1666 2627 in
1684 2591 1877 2630 vniuersum

1093 2655 1157 2677 nos
1167 2643 1327 2678 admonet
1336 2664 1346 2681 ,
1359 2653 1400 2676 ne
1410 2651 1556 2687 vnquam
1572 2643 1606 2676 in
1619 2641 1765 2677 medium
1776 2641 1795 2677 a
1807 2655 1874 2677 no-

1093 2691 1146 2726 bis
1157 2691 1340 2739 proferatur
1347 2690 1416 2725 Dei
1427 2701 1552 2724 nomen
1563 2714 1574 2730 ,
1594 2689 1653 2725 nisi
1663 2702 1738 2726 eum
1750 2691 1874 2728 timore

1092 2754 1128 2776 ac
1141 2739 1371 2779 reuerentia‚&
1381 2738 1414 2773 in
1426 2748 1502 2772 eum
1513 2737 1630 2779 finem,
1644 2749 1681 2774 vt
1690 2737 1874 2789 gloriosum

1091 2789 1348 2838 appareat.Nam
1358 2799 1463 2835 quum
1476 2785 1514 2821 fit
1523 2785 1874 2827 sacrosanc‘kurmcaue-

1091 2851 1126 2874 re
1137 2835 1465 2874 debemusomnibus
1482 2837 1613 2878 modis,
1633 2849 1675 2872 ne
1693 2850 1747 2874 aut
1766 2837 1873 2886 ipsum

1091 2888 1300 2935 contemptui
1310 2884 1430 2920 habere
1439 2885 1618 2926 videamur,
1627 2897 1682 2921 aut
1689 2887 1760 2922 aliis
1771 2899 1872 2923 occa·

1088 2935 1214 2972 {ionem
1228 2933 1466 2971 contemnendi
1480 2932 1694 2981 praebeamus.

1135 2987 1187 3022 Μ.
1217 2982 1406 3033 Qmodo
1417 2981 1482 3017 hoc
1495 2982 1568 3018 fiet?

1129 3037 1166 3070 P.
1201 3036 1233 3070 Si
1247 3037 1286 3069 de
1296 3029 1523 3078 Deo,ei1‘1sque
1536 3030 1694 3079 operibus
1703 3045 1771 3068 non
1782 3033 1878 3070 aliter

1087 3086 1274 3132 cogitemus
1283 3095 1338 3118 aut
1349 3082 1527 3128 loquamur
1536 3103 1549 3122 ,
1570 3081 1670 3129 quim
1681 3082 1716 3116 in
1727 3083 1796 3117 eius
1806 3082 1875 3117 ho-

1086 3145 1217 3168 norem.

1132 3181 1184 3216 M.
1213 3177 1306 3227 de
1319 3174 1481 3226 sequitur?

1134 3233 1171 3266 P.
1197 3227 1411 3276 §metimqua
1422 3240 1442 3262 n
1472 3240 1492 3262 n
1502 3223 1796 3261 foreinnocentem
1807 3225 1868 3263 de—

1084 3280 1227 3320 nuntiat,
1239 3278 1298 3327 qui
1307 3288 1430 3313 nomen
1439 3241 1496 3313 sciui
1509 3276 1544 3311 in
1556 3276 1646 3311 vanui
1657 3272 1869 3322 vsurpauerit.

1698 3324 1750 3360 M.
1777 3324 1870 3362 curu
2104 3293 2112 3351 i
