2113 3674
261 179 326 216 750

261 242 333 266 tum
346 224 515 263 Serueticae
528 217 741 266 impudentiae
753 214 960 263 specimeest.
981 215 1050 250 Di-

258 278 349 314 settis
361 274 469 310 verbis
484 266 799 316 scripserar,piorum
811 263 941 312 spiritus
950 276 1051 312 quum

258 323 506 362 substantialem
520 316 661 352 habeant
678 314 791 349 aeterni
811 314 949 362 Spiritus
971 325 1051 361 por-

263 377 407 412 tionem,
422 370 504 404 suam
514 365 731 400 aeternitatem
743 361 874 410 habere.
900 364 1052 410 Sequitur

264 424 362 472 paulo
372 419 445 468 post
455 440 465 456 ‚
487 418 602 461 Qm
610 424 728 448 aeterna
740 410 840 447 fuerit
849 411 989 447 coelestis
1003 411 1052 445 ci-

263 474 501 509 uitas‚aeternos
518 475 653 512 quoque
661 459 842 509 oportuisse
852 462 919 495 eius
929 459 989 495 esse
1004 460 1052 493 ci*-

263 519 438 556 ues.Nunc
448 515 465 550 ὲ
479 512 676 561 sycophante
688 510 813 559 probro
826 521 892 547 tam
905 520 990 555 certe
1001 520 1053 542 re-

262 565 465 618 prehesionis
478 565 547 599 iure
560 574 612 597 me
624 560 759 607 depellit
772 562 932 594 Seruetus.
948 556 1052 600 Qod

262 617 304 654 ad
315 614 518 651 creationem
530 623 617 646 nunc
630 608 823 656 restringere
833 618 949 646 tentat,
963 607 1051 654 puti-

264 667 344 702 dum
363 664 409 700 est
418 673 548 711 :quum
558 661 592 695 in
603 657 730 694 Christi
740 658 921 692 :eternitate
933 653 1053 689 fundar·

262 727 333 751 tum
355 710 445 748 fuisse
464 712 551 746 dicat
568 707 773 744 existentiam
786 707 873 741 illam
888 719 896 739 ·.
909 709 939 741 &
961 703 1052 738 nullo

263 762 451 799 discrimine
463 756 828 805 interposito,Angelos
839 754 879 789 ab
894 754 1005 792 initio,
1018 753 1052 786 in

262 812 377 848 eadem
387 811 457 846 Dei
470 809 573 858 gloria
586 803 877 853 fuisse‚paulo‚post
890 815 955 836 vno
968 813 1052 835 con-

262 872 354 897 textu
367 856 647 902 subiiciat.Qxam
657 854 761 901 impie
772 855 916 891 Deitatis
928 847 1052 884 substi-

262 908 503 946 tiamincludat
515 907 549 939 in
564 903 725 939 omnibus
740 902 905 939 creaturis,
920 901 949 934 ia
960 897 1054 946 supra

264 956 487 1008 exposuimus.
499 954 671 1000 Qoniam
682 952 738 988 hic
749 964 838 986 error
849 946 1054 997 propositio-

263 1021 306 1045 ne
317 1018 417 1043 xxxx
424 1017 469 1041 111
492 1000 703 1050 reprehensus
715 1002 733 1037 ὲ
743 1000 841 1035 nobis
853 997 964 1036 fuerat,
978 998 1054 1031 Ser-

263 1067 359 1093 uetus
372 1056 460 1090 idem
472 1051 532 1088 esse
545 1049 731 1099 respondet,
743 1048 886 1085 sustineri
897 1056 1056 1081 creaturas

262 1107 332 1143 Dei
340 1102 509 1152 praesentia
519 1106 551 1138 δε
563 1100 722 1148 potentia:
733 1097 852 1133 deinde
864 1095 1055 1130 substantia-

266 1157 331 1191 lem
340 1154 512 1191 Deitatem
523 1151 587 1185 illis
607 1146 716 1184 ineffe.
742 1144 842 1195 Qsi
854 1145 933 1179 vero
948 1144 1056 1178 virtu·—

262 1216 332 1240 tem
344 1201 432 1239 suam
453 1211 580 1236 exerere
592 1207 733 1246 nequeat
752 1198 844 1231 Deus
855 1218 864 1234 ‚
885 1195 966 1241 quin
979 1191 1056 1228 sub-

264 1244 419 1289 stantiam
440 1246 527 1285 suam
545 1251 578 1283 in
599 1247 710 1282 brutas
728 1256 862 1293 quoque
880 1251 1055 1297 creaturas,

265 1299 424 1348 sensuque
440 1309 605 1337 carenteS‚
625 1293 848 1331 transfundat:
864 1302 898 1326 vt
909 1303 976 1325 non
989 1302 1055 1326 rru-

265 1347 613 1393 nus,su0m0d0,1apis
626 1343 786 1392 quispiam
798 1343 890 1377 Deus
901 1339 1056 1387 nequam

265 1398 418 1435 Christus
431 1396 508 1446 ipse.
533 1397 619 1441 Non
637 1394 726 1430 enim
740 1393 805 1426 alio
825 1389 930 1425 modo
944 1389 984 1423 ab
996 1400 1056 1443 aere

264 1449 317 1484 vel
329 1445 540 1496 plumbo‚vel
550 1444 620 1478 aliis
629 1442 766 1478 metallis
780 1437 985 1476 discernitur,
996 1436 1056 1472 nisi

265 1497 359 1546 quod
370 1496 559 1543 primarium
571 1493 605 1527 in
615 1490 645 1527 se
657 1490 807 1526 continet
818 1488 935 1523 Deitas
945 1499 1057 1521 exem-

266 1547 346 1593 piar.
360 1546 406 1580 Et
418 1544 471 1579 illa
481 1542 603 1578 scilicet
615 1539 676 1575 fuit
689 1539 834 1587 praeclara
846 1537 914 1571 eius
926 1531 1058 1571 confes-

267 1594 334 1634 sio-5
344 1595 391 1629 ῐιὸ
402 1591 507 1628 solum
519 1591 587 1626 Dei
596 1590 767 1625 Deitatem
782 1587 816 1621 in
828 1584 980 1620 asseribus
992 1584 1058 1619 cal-

267 1641 401 1683 carhsed
413 1638 615 1689 hypostatice
628 1635 837 1674 daemonibus
847 1633 907 1669 effe
918 1634 1057 1668 vnitam.

265 1694 369 1730 Nunc
381 1693 479 1739 quam
502 1687 657 1736 improbe
668 1687 702 1721 in
722 1685 918 1721 contrariam
931 1693 1058 1730 partem

267 1751 470 1788 retorqueat,
486 1739 538 1774 vix
551 1736 711 1784 conqueri
721 1734 889 1773 audeo‚ita
906 1743 1057 1768 meatto-

268 1784 376 1828 nitu'm
387 1789 495 1824 reddit
507 1786 633 1834 perdita
645 1782 944 1831 eiusimpudentia.
966 1784 1054 1816 Prae-

269 1850 320 1876 ter
330 1835 509 1875 consessum
529 1835 703 1873 luditum,
725 1832 912 1879 complures
923 1831 1058 1866 aderant

269 1887 386 1925 idonei
396 1885 491 1922 testes
503 1885 635 1922 literati,
646 1887 677 1919 &
689 1881 816 1916 cordati
828 1882 1008 1928 viri,quum
1020 1891 1072 1914 e-.

270 1950 316 1988 go
337 1935 468 1972 fraenare
487 1934 554 1968 eius
569 1931 767 1966 vaecordiam
788 1930 938 1975 cupiens,
962 1929 1057 1976 paui-

270 1997 423 2022 mentum
443 1982 584 2018 calcaui:
599 1992 669 2015 tum
683 1991 770 2013 exeo
790 1976 963 2012 sciscitatus
975 1977 1057 2017 sum,

269 2034 382 2072 rinnon
405 2031 574 2082 plusquam
595 2028 769 2064 absurdum
790 2025 866 2061 esset
885 2027 1057 2061 Deitatem

269 2083 440 2121 ita‘calcari
451 2081 626 2116 hominum
638 2076 788 2125 pedibus:
805 2087 892 2109 nunc
905 2074 992 2122 quasi
1006 2086 1058 2109 te-

269 2133 374 2171 stibus
386 2129 554 2171 destituar,
565 2137 658 2163 motu
671 2126 765 2173 pedis
777 2123 928 2159 indicasse
941 2136 993 2158 me
1004 2136 1057 2158 ca-

268 2178 588 2226 lumniatur‚pedem
602 2188 710 2211 meum
724 2176 758 2209 in
770 2175 848 2209 Deo
859 2185 928 2206 non
939 2185 1058 2207 moue-

269 2232 308 2268 ri.
327 2230 426 2266 Adde
438 2227 530 2276 quod
543 2223 606 2274 ipsa
619 2223 799 2259 absurditas
810 2219 1060 2269 satis‚supe‘rque

271 2281 339 2316 eius
360 2277 566 2314 mendacium
580 2272 708 2308 refellit.
732 2269 923 2319 Propositio
933 2269 1060 2306 tricesi-

272 2328 443 2376 maquinta
453 2323 557 2373 ipsum
570 2321 789 2357 Manichaeum
802 2318 862 2355 effe
874 2319 1059 2355 conuincit.

273 2379 435 2415 Animam
456 2375 544 2409 enim
565 2371 662 2407 nobis
683 2369 817 2405 fabricat
837 2381 875 2403 ex
893 2368 962 2403 Dei
987 2366 1062 2402 sub..

272 2426 410 2463 stantia:
436 2422 507 2458 imo
521 2433 644 2456 nomen
653 2419 815 2453 Traducis
826 2441 835 2457 ‚
850 2417 939 2464 quod
951 2418 985 2451 in
1001 2428 1062 2451 ve·-

274 2476 336 2511 teri
348 2471 491 2510 Ecclesia
502 2480 674 2516 tantopere
691 2465 812 2502 infame
829 2464 918 2501 fuisse
930 2464 1061 2505 scimus,

276 2524 350 2559 data
362 2535 462 2569 opera
483 2518 661 2567 opposuit,
683 2528 723 2550 ne
736 2517 786 2550 cui
797 2514 970 2563 ambiguus
986 2513 1063 2550 esset

279 2585 355 2609 cum
369 2569 558 2607 Manichaeis
571 2564 750 2603 consensus·
772 2566 883 2607 Quare
892 2575 927 2598 vt
939 2575 992 2598 me
1003 2562 1063 2599 esse

275 2621 423 2657 mentitu
433 2615 614 2653 lectoribus
625 2611 935 2662 persuadeat,abradi
945 2625 982 2647 ex
993 2613 1063 2647 eius

274 2670 368 2706 libris
385 2666 508 2703 necesse
519 2667 562 2701 est
574 2689 584 2706 ‚
601 2675 676 2712 qux,v
691 2675 744 2698 me
757 2661 897 2696 fideliter
910 2660 1061 2702 retulisse,

274 2717 394 2765 neipse
406 2716 542 2764 quidem
567 2725 685 2761 negare
704 2710 810 2746 audet.
830 2711 931 2744 Nunc
944 2721 978 2746 vt
988 2722 1064 2746 tan-

276 2778 349 2802 tum
361 2765 564 2813 sacrilegium
576 2761 688 2811 quoda
704 2759 794 2795 velut
811 2760 953 2794 tectorio
971 2759 1063 2794 obli-

272 2817 342 2851 niat
354 2839 365 2855 ,
377 2814 407 2849 se
419 2814 497 2849 alibi
509 2813 634 2847 tradere
645 2810 726 2846 dicit
734 2809 853 2843 animas
863 2807 921 2843 effe
931 2820 1064 2844 creatas.

276 2864 373 2912 Qd
385 2874 494 2899 autem
506 2874 578 2897 mea
591 2857 687 2895 refert
697 2882 707 2900 ,
725 2856 748 2892 si
758 2855 863 2892 secum
875 2857 940 2903 ipse
951 2859 984 2892 in
997 2856 1063 2893 hoc

276 2914 438 2962 eapite,vt
448 2913 481 2946 in
492 2906 982 2957 aliis,turpiterpugnet?Fateor
991 2918 1062 2941 cer-

275 2964 310 3000 te
321 2985 332 3003 ‚
346 2960 430 2996 adeo
442 2959 526 2994 nihil
536 2971 652 2993 eorum
668 2955 791 2992 temere
802 2951 963 2994 effutiuit,
977 2967 1062 2989 con-

275 3012 398 3049 stanter
410 3008 533 3056 vbique
544 3032 554 3047 ‚
568 3012 600 3044 &
614 3004 767 3054 aequabili
778 3002 929 3038 doctrina
937 3002 978 3037 ab
990 3002 1061 3051 ipso

275 3059 366 3098 afferi
380 3081 391 3099 ‚
413 3068 450 3093 vt
462 3058 620 3091 maiorem
633 3065 758 3104 partem
771 3050 860 3100 quasi
881 3050 927 3086 sui
936 3052 1061 3087 oblitus

277 3109 358 3146 alibi
369 3117 505 3142 euertat.
535 3105 650 3139 Fixum
663 3114 774 3139 tamen
785 3100 864 3137 illud
878 3112 1001 3138 manet,
1024 3114 1061 3136 ex

275 3159 347 3195 Dei
357 3156 490 3192 traduce
500 3165 591 3189 ortas
600 3151 660 3188 esse
669 3153 792 3188 animas
808 3173 818 3189 ‚
831 3145 977 3195 ideoque
985 3148 1062 3184 sub-

277 3206 461 3244 stantialem
471 3204 642 3240 Deitatem
656 3202 690 3236 in
703 3199 898 3236 sec6tinere:
909 3198 1000 3245 quod
1010 3210 1064 3233 me

277 3254 503 3304 tacente‚piis
513 3250 671 3289 omnibus
690 3247 882 3300 detestabile
901 3244 974 3282 fore
985 3245 1063 3283 scio.

649 130 1488 194 REFVTATIO'ERRORVM

1098 214 1200 249 Nunc
1221 214 1353 249 accedat
1371 213 1556 262 propositio
1576 213 1836 258 tricesimasexta,
1853 217 1888 254 in

1101 265 1191 297 cuius
1206 261 1411 297 excusatione
1437 277 1506 298 non
1524 265 1665 298 multum
1678 264 1804 300 laborat
1814 269 1889 301 Ser-

1099 322 1213 345 uetus:
1228 312 1304 358 quia
1324 310 1402 357 sidij
1419 312 1527 347 sumus
1538 311 1615 348 facti
1632 313 1678 348 ob
1690 315 1806 349 animae
1824 316 1891 350 do-

1095 359 1305 406 .na‚sequatur
1314 362 1457 395 animam
1469 361 1603 397 coire-in
1616 374 1717 397 vnum
1728 375 1802 398 cum
1816 365 1892 412 Spi-

1101 410 1166 443 ritu
1178 410 1259 449 Dei,
1273 408 1461 449 sicutiossa,
1473 422 1561 450 caro,
1574 412 1679 452 nerui,
1692 416 1723 448 &
1736 413 1845 447 anima
1856 414 1891 448 in

1096 469 1199 492 .vnam
1211 457 1358 492 hominis
1370 458 1579 494 substantiam
1594 472 1726 495 coeunt.
1739 461 1891 497 Primum

1101 518 1225 553 quaero,
1241 508 1322 554 quid
1335 519 1392 554 per
1401 508 1516 542 animae
1524 509 1612 542 dona
1626 510 1802 556 intelligat-⁴
1811 511 1892 546 Ma-

1102 566 1221 603 gorum
1235 557 1322 590 enim
1347 555 1523 604 praestigias
1536 556 1629 604 supra
1644 560 1776 592 vocauit
1794 563 1891 603 quic-

1102 604 1185 651 quid
1207 605 1247 640 de
1266 603 1379 640 infusis
1401 606 1541 652 Spiritus
1564 607 1661 641 donis
1687 605 1705 640 a
1725 608 1889 654 Scriptura

1102 653 1261 691 traditum
1274 655 1516 702 ampleffimur.
1539 656 1662 699 Qaero
1676 654 1797 690 deinde
1809 655 1890 691 vbi-

1102 714 1178 737 nam
1191 703 1309 750 legerit
1319 716 1379 738 nos
1392 703 1451 738 hac
1475 703 1604 739 ratione
1624 703 1800 740 fierideos.
1822 708 1892 740 At-

1102 763 1167 798 que
1182 763 1218 786 vt
1230 753 1296 786 duo
1317 753 1371 786 illa
1382 752 1566 788 obtinuerit
1577 776 1586 792 ‚
1601 765 1768 800 perperam
1780 763 1893 790 tamen

1099 801 1233 848 colligit
1244 800 1394 836 hominis
1405 802 1546 836 animam
1560 814 1634 836 cum
1647 803 1714 837 Dei
1725 803 1846 849 Spiritu
1858 804 1894 838 in

1102 860 1206 883 vnum
1218 848 1407 885 coalescere.
1426 851 1540 885 Minus
1553 852 1651 885 etiam
1662 850 1835 887 tolerabile
1846 850 1894 886 est

1103 898 1242 932 alterum
1254 901 1321 933 eius
1335 899 1461 934 dietum
1473 922 1482 938 ‚
1500 911 1568 946 quo
1581 898 1666 935 suam
1687 901 1898 946 impietatem

1104 948 1382 995 exaggerat.Nam
1397 948 1514 995 pagina
1526 959 1580 994 195
1591 950 1634 984 ita
1642 947 1753 983 scribit
1766 949 1806 984 ad
1821 960 1899 984 ver-

1104 994 1496 1036 bum‚Dubitareiterum
1507 999 1579 1043 quis
1593 996 1737 1044 potest,s1
1753 998 1788 1033 in
1799 1009 1900 1033 vnarn

1102 1055 1178 1080 cum
1200 1046 1308 1080 anima
1328 1044 1436 1080 nostra
1462 1043 1673 1082 substantiam
1700 1046 1770 1080 coit
1793 1047 1901 1094 Spiri-

1104 1104 1156 1129 tus
1170 1093 1295 1128 sanetus
1309 1117 1318 1134 ,
1333 1094 1415 1142 quid
1429 1094 1509 1129 illud
1530 1105 1641 1129 totum
1659 1093 1706 1130 est
1716 1097 1730 1128 ἓ
1742 1093 1902 1142 Respon-

1106 1143 1184 1184 deo,
1205 1142 1262 1178 Est
1272 1143 1390 1183 anima,
1404 1148 1436 1179 &
1450 1144 1491 1178 est
1504 1144 1642 1190 Spiritus
1655 1142 1792 1179 san6tus.
1810 1145 1902 1179 Dei-

1106 1192 1182 1226 tatis
1203 1193 1258 1226 illa
1272 1191 1394 1239 positio
1416 1204 1475 1226 nec
1490 1191 1633 1239 speciei,
1658 1193 1902 1230 necindiuidui

1105 1252 1230 1275 nomen
1242 1252 1355 1276 mutat.
1372 1241 1425 1275 Est
1435 1240 1545 1276 anima
1557 1243 1590 1276 in
1603 1242 1724 1290 Spiritu
1736 1240 1901 1283 sanctm&

1106 1289 1151 1325 est
1160 1290 1298 1336 Spiritus
1313 1288 1440 1325 sanfitus
1452 1289 1486 1323 in
1501 1290 1620 1325 anima.
1645 1291 1736 1326 Sicut
1746 1292 1840 1326 Deus
1854 1291 1909 1328 est'

1105 1339 1140 1373 in
1153 1339 1289 1373 Christo
1301 1361 1311 1377 ‚
1324 1343 1356 1375 δι
1372 1338 1520 1374 Christus
1537 1339 1571 1372 in
1585 1340 1683 1379 Deo,
1697 1343 1729 1376 &
1748 1338 1902 1376 christus

1105 1389 1148 1422 est
1159 1389 1253 1422 Deus
1267 1399 1399 1422 manens
1411 1387 1576 1422 homotita
1587 1388 1692 1422 anima
1703 1387 1834 1424 sublimi
1846 1401 1902 1424 re-

1107 1437 1325 1485 generatione
1345 1449 1402 1483 per
1425 1435 1662 1483 hypostaticam
1681 1438 1840 1472 vnionem
1859 1437 1901 1475 fit

1107 1486 1246 1532 Spiritus
1257 1484 1396 1525 sanetus,
1407 1489 1563 1522 &manet
1573 1486 1692 1521 anima,
1705 1485 1784 1521 sicut
1791 1485 1901 1522 homo

1108 1535 1147 1570 fit
1158 1537 1250 1570 Deus
1261 1558 1270 1574 ,
1288 1539 1320 1571 &
1332 1546 1432 1569 vnum
1442 1547 1517 1569 cum
1531 1535 1622 1569 Deo.
1650 1535 1818 1582 Equidem
1829 1548 1900 1574 non

1108 1595 1224 1618 vereor
1244 1594 1282 1618 vt
1303 1584 1456 1631 cuiquam
1479 1585 1628 1618 Seruetus
1654 1594 1720 1618 tam
1742 1579 1901 1632 insipidas

1107 1632 1347 1680 speculationes
1362 1631 1548 1680 persuadeat
1560 1643 1650 1666 veras
1662 1630 1734 1667 esse.
1747 1633 1808 1668 Sed
1818 1645 1862 1681 qu
1870 1635 1902 1670 ia

1107 1682 1204 1718 multi
1217 1681 1354 1716 rixarum
1365 1682 1465 1716 nimis
1476 1681 1609 1729 cupidi,
1623 1682 1731 1728 impio
1744 1680 1903 1719 falsorum

1109 1731 1305 1780 dogmatum
1321 1731 1510 1778 patrocinio
1523 1728 1586 1764 sese
1596 1729 1768 1765 obleetant
1778 1755 1788 1770 ,
1800 1730 1903 1779 siquis

1107 1793 1148 1814 eo
1169 1779 1292 1815 morbo
1311 1779 1462 1815 laborans
1477 1779 1638 1814 tuendum
1659 1781 1785 1815 Serueti
1805 1793 1902 1816 erro-

1107 1842 1175 1864 rem
1188 1827 1356 1875 suscipiat,
1381 1831 1509 1877 cogitet
1525 1827 1671 1875 primum
1685 1829 1766 1875 quid
1780 1829 1846 1864 hoc
1859 1829 1905 1864 si-

1107 1877 1143 1914 bi
1155 1878 1235 1912 velit
1247 1900 1256 1917 ‚
1270 1876 1398 1912 massam
1409 1891 1446 1913 ex
1457 1878 1659 1924 Spiritu-Dei
1670 1881 1702 1912 &
1713 1877 1822 1912 anima
1833 1876 1904 1912 ho-'

1107 1928 1206 1962 minis
1217 1925 1394 1962 conflatam
1407 1949 1418 1966 ,
1436 1924 1570 1962 confuse
1584 1926 1725 1960 animam
1743 1930 1775 1962 δι
1791 1927 1902 1974 Spiri-

1107 1987 1178 2011 tum
1199 1974 1342 2010 sanfitum
1353 1975 1483 2014 vocari,
1507 1987 1576 2009 non
1593 1973 1683 2009 secus
1700 1987 1736 2009 ac
1748 1974 1902 2010 Christus

1107 2022 1294 2073 promiscue
1309 2026 1402 2059 Deus
1414 2023 1459 2059 est
1471 2027 1502 2060 &
1514 2023 1618 2058 homo
1627 2046 1637 2063 ‚
1651 2024 1728 2071 quia
1737 2036 1805 2058 non
1816 2037 1848 2059 m
1857 2037 1901 2059 0-

1108 2074 1154 2109 do
1164 2086 1201 2108 ex
1213 2073 1280 2108 Dei
1292 2071 1466 2108 substantia
1485 2072 1618 2120 genitus
1637 2073 1696 2110 est,
1718 2071 1771 2108 sed
1784 2072 1902 2109 absor.

1107 2130 1163 2170 pta
1182 2120 1243 2158 fuit
1265 2122 1332 2156 eius
1355 2134 1428 2156 caro
1446 2123 1479 2155 in
1498 2122 1624 2155 Deum.
1655 2120 1754 2156 Nihil
1779 2123 1903 2158 mirum'

1107 2172 1130 2206 sl
1142 2173 1294 2206 Seruetus
1305 2168 1422 2204 infusas
1441 2170 1578 2216 Spiritus
1595 2170 1715 2218 gratias
1726 2181 1792 2205 tam
1805 2169 1900 2207 fasti-

1109 2219 1199 2255 diose
1217 2220 1367 2267 repudiat
1387 2242 1397 2258 ‚
1416 2230 1518 2266 quum
1532 2218 1600 2253 haec
1619 2221 1745 2267 magica
1756 2219 1899 2264 distillab-

1107 2270 1157 2304 tio
1167 2293 1177 2309 ‚
1190 2279 1261 2316 quae
1277 2269 1397 2303 coelum
1410 2277 1484 2302 cum
1498 2280 1583 2303 terra
1597 2268 1795 2308 confundit,
1814 2264 1897 2305 stare

1109 2328 1272 2364 nequeat,
1293 2315 1353 2351 nisi
1365 2315 1498 2350 abolitis
1517 2317 1655 2363 Spiritus
1667 2317 1767 2352 saneti
1784 2318 1900 2359 donis,

1111 2366 1233 2416 quibus
1246 2365 1286 2400 sic
1299 2366 1446 2400 ditantur
1456 2364 1569 2400 fideles
1600 2366 1715 2406 nimae,
1725 2376 1760 2400 vt
1772 2365 1901 2414 semper

1111 2427 1161 2451 eas
1172 2415 1293 2463 inopiae
1306 2413 1364 2448 suae
1386 2412 1490 2449 sensus
1511 2377 1676 2450 hurrsiliet.
1705 2415 1810 2450 Porro
1823 2417 1901 2451 Ser-

1111 2464 1336 2511 uetipatronis
1346 2463 1446 2498 nimis
1457 2475 1554 2511 graue
1565 2476 1648 2498 onus
1662 2463 1847 2504 incumbet,
1862 2475 1901 2501 vt

1111 2514 1256 2549 animam
1288 2513 1448 2560 Spiritum
1475 2511 1624 2551 sanetum
1642 2517 1675 2550 &
1704 2514 1817 2549 Deum
1838 2513 1901 2549 esse

1112 2562 1282 2610 probent:
1301 2574 1370 2596 non
1381 2559 1468 2596 secus
1485 2574 1520 2596 ac
1533 2564 1683 2598 Seruetus
1702 2562 1902 2610 imaginatur

1113 2612 1228 2647 eadem
1263 2611 1401 2646 Deitate
1427 2610 1596 2657 praeditam
1629 2609 1690 2645 esse
1719 2608 1901 2646 humanam

1114 2659 1240 2696 Christi
1261 2669 1409 2694 naturam
1426 2682 1436 2698 ‚
1456 2671 1528 2706 quae
1553 2659 1594 2694 ab
1613 2659 1712 2694 initio
1729 2660 1763 2694 in
1782 2659 1904 2695 Verbo

1113 2710 1183 2746 Dei
1202 2707 1277 2745 fuit.
1305 2709 1401 2743 Idem
1419 2706 1610 2755 phantasma
1626 2710 1744 2756 repetit
1763 2709 1901 2756 dialogo

1113 2757 1392 2806 secundo,pagina
1404 2757 1578 2805 267‚quod
1589 2758 1699 2792 anima
1708 2756 1748 2792 sit
1761 2757 1900 2805 Spiritus

1112 2807 1260 2847 sanetus,
1276 2811 1309 2843 δι
1329 2806 1479 2854 Angelus
1500 2807 1598 2841 etiam
1615 2805 1674 2841 fiat
1694 2806 1782 2841 idem
1795 2805 1903 2853 Spiri-

1113 2867 1177 2897 tus,
1189 2856 1270 2892 sicut
1278 2855 1430 2892 Verbum
1441 2854 1499 2889 vbi
1507 2854 1546 2889 fit
1556 2867 1632 2889 caro
1642 2878 1653 2894 ,
1666 2865 1777 2889 manet
1787 2864 1900 2890 tamen

1112 2905 1264 2942 Verbum
1275 2905 1371 2953 ‚quia
1381 2913 1489 2939 totum
1502 2904 1625 2951 plasma
1632 2915 1707 2938 caro
1726 2901 1764 2937 sit
1779 2902 1902 2938 Verbi.

1111 2958 1164 2991 Ac
1184 2956 1298 3002 nequis
1316 2953 1385 2989 sine
1402 2953 1531 2988 ratione
1550 2965 1624 2987 eum
1645 2950 1782 2987 insanire
1799 2951 1904 2994 dicat,

1112 3005 1276 3051 Scripture
1287 3001 1492 3038 testimoniis
1500 3000 1674 3036 instruetus
1685 2999 1904 3046 prodit.Psal-4

1112 3065 1169 3088 mo
1181 3063 1212 3099 15
1232 3057 1265 3089 δι
1281 3064 1323 3098 72
1339 3075 1349 3091 ,
1372 3050 1529 3098 scriptum
1556 3050 1603 3086 est
1616 3074 1627 3091 ,
1647 3049 1818 3083 Dominus
1828 3061 1904 3096 pars

1115 3114 1198 3137 mea.
1216 3101 1316 3137 Nihil
1329 3100 1445 3135 clarius
1467 3098 1513 3136 est
1529 3099 1628 3146 quam
1647 3098 1814 3133 Dauidem
1826 3099 1903 3134 'illio

1114 3149 1324 3187 adhumanas
1334 3149 1538 3184 haereditates
1549 3145 1690 3182 alludere
1701 3170 1711 3186 ‚
1727 3148 1803 3194 quia
1815 3147 1902 3186 nihil

1116 3197 1312 3238 charius,vel
1324 3196 1495 3244 pretiosius
1503 3196 1557 3231 suo
1568 3195 1767 3243 patrimonio
1778 3195 1904 3234 habent·
1919 3216 1927 3219 -

1115 3246 1281 3284 homines.
1318 3247 1449 3283 Eodem
1480 3244 1569 3280 haud
1600 3243 1701 3280 dubie
1722 3244 1905 3294 respexerat

1808 3294 1905 3330 Deus
