2113 3674
266 171 284 196 2
858 150 950 185 DE
1017 149 1263 185 COENA

271 230 335 266 que
348 215 413 250 vna
424 213 589 262 adiungit,
602 211 696 259 quod
709 208 977 247 Christus‚vnica
988 210 1040 242 vi-

271 278 304 302 ta
314 263 424 300 nostra
436 288 446 303 ‚
458 263 558 297 nobis
568 262 602 295 in
611 273 652 294 eo
664 260 808 294 donetur
820 269 919 304 atque
933 257 1043 292 admi-

272 315 439 350 nistretur.
459 313 549 346 Nam
573 309 648 344 cum
661 310 754 343 Deus
765 309 800 342 in
815 305 953 342 Christo
963 319 1043 340 om-

272 376 351 398 nem
363 362 438 396 vitae
451 359 695 408 plenitudinem
706 355 882 403 repositam
895 353 957 390 esse
978 367 1043 389 vo-

272 412 372 447 luerit
384 433 392 449 ,
404 421 441 444 vt
449 421 518 442 eam
531 419 588 455 per
599 404 704 453 ipsum
726 405 827 440 nobis
847 405 1044 439 communi-

273 472 336 496 cet:
350 458 535 493 sermonem
545 456 657 492 etiam,
668 453 774 490 veluti
785 452 1044 489 instrumentum

271 504 715 554 statuit,quoChristus,cum
727 505 842 552 gratiis
853 501 915 537 suis
927 501 1044 536 omui-

272 556 455 596 busmobis
468 549 756 601 dispensetur.St;1t
766 552 903 587 interim
915 562 988 584 vera
1001 549 1044 583 il-

273 608 303 642 la
316 604 491 642 sententia,
506 603 633 636 animas
645 601 770 637 nostras
784 601 876 635 nullo
888 601 953 633 alio
966 598 1043 632 cibo

273 655 374 704 quam
388 652 457 688 Iesu
475 650 614 687 Christo
625 650 710 686 vesci
721 663 756 685 ac
768 649 1046 696 educari.Qam-

273 704 392 739 obrem
404 705 499 736 Pater
512 699 677 740 coelestis,
700 699 909 734 educationis
927 696 1045 732 nostrae

271 753 429 789 sollicitus
442 751 569 785 nullum
581 750 669 784 aliud
680 748 781 783 nobis
792 749 971 782 alimeturn‘
984 747 1044 780 de—

273 801 419 847 dit-.quin
433 800 547 847 potius
560 799 594 834 id
607 797 706 832 nobis
718 797 815 831 vnice
826 795 1045 830 commenda-

273 852 332 885 uit.
341 850 393 884 Eo
405 861 466 882 nos
476 858 655 882 contentos
666 845 740 886 effe,
749 847 782 880 in
798 858 838 879 eo
848 846 968 879 animas
979 857 1044 879 no—

273 899 351 935 stras
364 896 600 945 conquiescere
611 897 719 930 voluit
729 911 737 929 2
749 895 825 929 cum
837 895 876 928 iis
889 893 1046 928 reficien-

273 949 324 984 dis
335 960 370 982 ac
380 945 596 982 sustentandis
607 945 738 979 abunde
751 941 898 979 sufficiat:
915 942 990 977 cum
1005 956 1045 977 eo

271 997 414 1032 omnino
427 1007 534 1030 carere
546 994 614 1028 non
625 992 784 1042 possimus
797 1005 885 1040 :quo
904 991 1045 1032 sublato,

272 1046 400 1082 nullum
412 1044 499 1079 aliud
511 1045 703 1091 reperietur.

351 1094 543 1139 Qomodo
565 1092 717 1128 Christus
730 1115 740 1132 ,
753 1091 869 1126 vnicus
881 1090 974 1125 cibus
995 1089 1044 1130 sit,

271 1155 341 1191 quo
352 1145 470 1178 animae
482 1142 598 1177 nostrae
610 1140 796 1188 pascuntur,
807 1140 871 1174 iam
885 1141 1043 1175 vidimus.

219 1213 222 1221 ·
272 1193 335 1228 Sed
356 1193 516 1241 quoniam
537 1191 637 1225 nobis
669 1189 878 1225 distribuitur
895 1188 1047 1224 sermone

271 1243 445 1282 Domini,
468 1241 559 1276 velut
580 1239 804 1275 instrumento
827 1238 903 1273 huic
917 1240 962 1273 rei
986 1239 1045 1273 de-

272 1291 396 1326 stinato
409 1315 418 1331 ,
444 1290 536 1337 panis
558 1294 591 1326 δε
602 1302 685 1336 aqua
704 1289 910 1324 nominatur.
940 1288 1046 1334 Qd

273 1339 355 1375 vero
367 1341 407 1375 de
419 1338 569 1373 sermone
580 1339 722 1379 dicitur,
733 1337 879 1386 pertinet
896 1337 995 1371 etiam
1005 1337 1045 1372 ad

275 1392 523 1425 Sacramentum
542 1389 659 1425 Coenae
679 1411 690 1428 ‚
720 1400 789 1435 quo
811 1387 984 1421 Dominus
1004 1386 1045 1422 ad

273 1438 616 1474 communicationem
650 1436 776 1472 Christi
803 1448 864 1470 nos
895 1436 1042 1471 deducit.

272 1489 384 1528 Nam,
403 1488 482 1536 quia
492 1487 576 1521 adeo
597 1485 778 1521 imbecilles
796 1491 829 1522 &
847 1485 971 1520 infirmi
991 1483 1045 1520 su-

274 1551 349 1574 mus
360 1560 370 1577 ,
382 1548 419 1571 vt
431 1547 518 1571 certa
527 1536 632 1572 animi
645 1535 767 1571 fiducia
778 1534 882 1583 ipsum
897 1535 1045 1582 recipere

271 1599 341 1626 non
359 1585 536 1633 poffimuS‚
555 1586 631 1620 ci‘im
642 1585 730 1624 nuda
742 1585 901 1619 doetrinae
923 1584 1044 1631 praedi-

271 1638 406 1675 catione
417 1634 517 1671 nobis
527 1634 664 1670 offertur
675 1648 683 1669 :
693 1637 787 1668 Pater
797 1632 1044 1673 misericordiae,
1074 1669 1075 1673 ,

271 1686 347 1721 sein
359 1698 399 1720 eo
418 1684 644 1720 imbecillitati
665 1682 782 1719 nostrae
802 1683 1044 1718 accommoda-

269 1748 305 1770 re
315 1734 432 1769 volens
445 1758 455 1774 ,
465 1731 608 1768 sermoni
619 1732 748 1781 signum
760 1755 770 1772 ,
781 1732 874 1780 quod
889 1730 946 1766 sub
958 1744 1043 1767 ocu-

270 1785 382 1819 lorum
394 1781 519 1818 sensum
536 1782 682 1818 caderet,
694 1781 845 1816 adiunxit
858 1805 867 1822 ‚
879 1793 948 1828 quo
959 1793 1042 1829 pro-

269 1832 464 1870 miffionum
491 1830 618 1867 suarum
638 1829 848 1867 substantiam
869 1829 969 1864 nobis
987 1843 1042 1865 re-

268 1881 473 1931 praesentaret
484 1905 495 1921 ‚
504 1893 540 1916 vt
551 1881 645 1916 omni
655 1879 868 1915 dubitatione
888 1883 920 1916 δι
931 1880 1042 1915 incer-

269 1931 418 1969 titudine
434 1930 557 1966 sublata
565 1954 576 1971 ,
588 1931 624 1965 in
635 1942 676 1965 eo
687 1928 880 1966 confirmari
890 1934 923 1966 &
933 1928 1043 1964 robo-

268 1982 330 2018 rari
343 1980 520 2028 poss'emus.

319 2027 410 2066 Cum
423 2027 600 2077 igituthoc
619 2026 810 2074 mysterium
823 2051 833 2067 ,
851 2026 990 2063 sublime
1009 2032 1044 2065 &

272 2080 414 2114 arduum
427 2079 476 2114 sit:
490 2090 551 2113 nec
564 2089 722 2125 queamus
734 2077 875 2124 ingenio
885 2089 1042 2124 compre-

269 2127 416 2164 hendere
427 2152 437 2168 ,
449 2138 506 2162 aut
517 2127 726 2175 cogitatione
739 2127 919 2172 complesti
930 2151 940 2166 ‚
952 2139 1042 2173 quo-

269 2178 377 2213 modo
388 2189 509 2224 corpus
521 2181 554 2214 &
565 2176 695 2224 sanguis
709 2174 835 2210 Christi
857 2175 959 2210 nobis
980 2178 1041 2210 εὸ-

268 2227 462 2262 municetur
471 2241 480 2262 ε
490 2225 641 2273 adeoque
651 2224 748 2259 rudes
759 2228 790 2260 &
802 2226 908 2271 ignari
928 2224 1040 2265 sitnm,

268 2286 307 2311 vt
316 2276 505 2311 diuinarum
516 2287 624 2309 rerum
636 2285 696 2308 nec
707 2274 862 2307 minimas
873 2274 1041 2321 intelliga-

267 2337 361 2360 mus:
376 2337 416 2359 eo
431 2324 537 2359 modo
551 2324 585 2359 id
596 2321 729 2358 ostendi
739 2333 841 2370 atque
851 2324 970 2370 aperiri
979 2336 1041 2357 ne-

269 2373 349 2409 ceffe
359 2372 421 2409 fuit
433 2397 444 2413 ‚
457 2386 560 2421 quem
569 2373 667 2407 ferret
679 2372 805 2419 ingenij
823 2373 925 2406 nostri
938 2370 1041 2407 facul-

268 2434 328 2458 tas.
343 2424 426 2458 Eam
437 2423 485 2457 ob
493 2420 634 2460 causam,
646 2421 818 2455 Dominus
832 2422 974 2455 Coenam
985 2421 1040 2455 in-

267 2471 426 2507 stituitzvt
439 2470 652 2506 conscientiis
664 2470 781 2504 nostris
790 2468 859 2503 obsi
866 2481 980 2517 gnaret
989 2482 1039 2504 eas

267 2519 503 2568 promissiones
514 2544 524 2561 ‚
537 2519 660 2568 quibus
673 2520 707 2554 in
717 2519 903 2566 Euangelio
919 2518 949 2553 se
962 2531 1039 2554 cor-

268 2571 358 2617 poris
381 2575 414 2606 &
430 2569 596 2618 sanguinis
615 2567 660 2603 sui
677 2569 854 2616 participes
876 2567 1039 2602 safrarum

267 2618 438 2666 promisit:
452 2630 550 2666 atque
561 2619 596 2653 in
607 2617 667 2652 hac
678 2616 881 2664 persuasione
892 2629 953 2652 nos
971 2617 1039 2652 ob-

267 2667 529 2708 firmaret‚fitam
541 2669 577 2702 in
596 2679 637 2702 eo
648 2665 709 2701 effe
719 2664 920 2714 spiritualem
934 2667 1038 2701 vitam

264 2715 377 2751 nostri
388 2740 397 2756 ‚
408 2729 442 2752 vr
455 2717 511 2752 tali
522 2717 655 2764 teimque
669 2714 789 2762 insigni
799 2713 961 2749 arrabone
980 2728 1036 2750 ac-

265 2777 378 2812 cepto,
391 2764 521 2800 firmam
530 2764 639 2800 salutis
652 2764 810 2800 fiduciam
821 2765 1036 2811 cocipiamus.

264 2814 502 2855 Deindc‚vt'in
516 2812 725 2862 agnoscenda
735 2811 862 2847 summa
875 2812 971 2860 ipsius
984 2825 1036 2848 er-

266 2876 307 2912 ga
317 2875 378 2898 nos
391 2863 543 2897 bonitate
557 2887 567 2903 ,
579 2862 682 2911 eisque
700 2861 896 2898 celebranda
914 2866 946 2899 δι
966 2875 1037 2897 ma·-

266 2911 399 2958 gnificis
415 2911 569 2946 laudibus
590 2911 778 2947 extollenda
791 2934 802 2952 ,
818 2923 1036 2946 exerceamur.

265 2961 408 2998 Tertio,
438 2972 473 2994 vt
484 2961 522 2996 ad
533 2959 737 2996 sanffltatem
757 2965 790 2996 δι
807 2961 1037 3000 innocentiam

265 3010 529 3057 amplectendam
540 3011 733 3049 incitemur,
747 3010 824 3044 esim
836 3021 898 3043 nos
910 3008 1047 3048 Christi-

266 3058 417 3093 membra
425 3057 686 3106 agnoscimus‚ac
699 3056 907 3106 precipue-‚Vt
917 3059 1037 3093 amici-

267 3107 346 3141 tiam
365 3109 514 3142 colamus
532 3105 773 3155 fraternquue
804 3107 1036 3147 concordiam,

265 3166 337 3200 quae
348 3156 445 3191 nobis
458 3155 554 3191 vnice
565 3156 832 3191 commendatur.
849 3155 938 3201 Cum
950 3155 1038 3190 bene

266 3204 482 3253 diligenterq3
495 3206 717 3240 notauerimus
732 3216 797 3239 tres
817 3202 910 3238 hasce
926 3206 1035 3240 ratio-

261 3264 335 3294 nes,
346 3266 424 3302 quas
435 3255 629 3292 Dominum
642 3252 794 3303 speetaffe
803 3252 878 3290 (sim
888 3254 1035 3290 Coenam

1093 207 1279 242 institueret
1290 205 1428 241 dubium
1443 219 1512 240 non
1527 206 1588 242 est:
1600 202 1780 255 pafefae'tus
1793 220 1860 242 no-

1093 256 1144 291 bis
1159 257 1220 290 erit
1232 257 1339 290 aditus
1350 279 1360 294 ,
1373 267 1408 289 vt
1419 257 1540 290 reetius
1552 257 1774 305 intelligamus
1785 258 1860 304 quis

1065 315 1070 318 ·
1093 304 1216 339 fruetus
1229 305 1267 338 ad
1280 316 1340 337 nos
1353 305 1464 339 redeat
1475 328 1483 343 ‚
1497 309 1528 340 δι
1543 307 1806 352 quonammodo
1819 318 1860 340 eo

1094 354 1181 388 ῐεᾶἐ
1200 364 1342 387 νιιῑῃυτ.

1129 404 1199 436 Iam
1212 414 1293 449 ergo
1303 402 1342 436 ad
1354 399 1531 436 secundum
1542 412 1638 450 caput
1655 404 1860 440 veniendum

1095 451 1187 484 estzvt
1199 449 1412 484 ostendamus
1422 449 1522 497 quam
1535 450 1703 487 salutarem
1718 451 1861 488 frufium

1095 499 1195 533 nobis
1204 497 1327 533 adferat
1340 500 1449 533 coena
1472 500 1640 540 Domini,
1659 502 1766 536 mode>
1785 515 1862 538 eum

1095 548 1264 595 percipere
1273 552 1305 583 &
1316 549 1474 603 colligere
1485 549 1636 583 velimus.
1666 549 1706 584 Id
1729 563 1858 599 cogno-

1094 596 1177 631 seem
1184 610 1218 630 us
1228 620 1236 635 ‚
1245 597 1319 630 ciim
1333 597 1481 631 accurate
1494 598 1690 646 indigetiarn
1703 599 1862 641 nostram,

1095 646 1148 680 cui
1159 644 1226 693 ipsa
1238 644 1403 684 subuenit,
1417 647 1701 694 perpenderimus·
1713 649 1790 683 Nos
1802 662 1860 685 ve-

1095 694 1268 730 hementer
1281 693 1464 742 perturbari
1476 700 1508 732 δι
1518 697 1630 730 animo
1640 700 1790 744 torqueri
1802 712 1864 734 ne-

1094 742 1174 779 cesse
1196 743 1263 782 est,
1283 744 1417 791 quoties
1437 745 1732 780 animaduertimus
1753 749 1864 794 quales

1093 791 1203 827 sumus
1215 792 1274 840 ipsi
1288 817 1296 831 ‚
1310 798 1341 829 δι
1354 793 1514 840 quicquid
1527 795 1560 827 in
1574 795 1672 829 nobis
1681 795 1726 830 est
1739 798 1865 831 exami-

1094 855 1224 877 namus.
1249 843 1371 877 Nullus
1382 843 1470 876 enim
1480 842 1630 878 nostri‘im
1644 845 1703 883 est,
1714 846 1816 892 quiin
1833 844 1864 880 se

1093 891 1147 926 vel
1159 893 1278 926 micam
1293 891 1421 925 iustitiae
1431 893 1572 939 reperire
1584 892 1701 940 poffit:
1716 894 1768 928 sed
1780 894 1797 929 ὲ
1809 895 1865 930 di-

1094 940 1188 975 uerso
1202 952 1253 975 tot
1274 941 1365 974 vitiis
1374 952 1415 975 ‘ac
1435 940 1609 976 sceleribus
1627 943 1793 990 inquinati
1811 944 1865 978 su-

1093 1003 1165 1025 mus
1178 1014 1188 1030 ,
1209 1000 1299 1025 tanta
1311 1001 1522 1037 peccatorum
1539 992 1754 1026 multitudine
1773 993 1864 1040 pleni

1092 1052 1192 1087 atque
1203 1036 1371 1077 referti,vt
1384 1039 1476 1072 nullo
1485 1037 1669 1074 accusatore
1682 1052 1790 1088 preter
1802 1044 1865 1076 c6-

1093 1087 1263 1124 scientiam
1276 1088 1418 1122 nostram
1430 1099 1519 1135 opus*
1529 1087 1584 1122 fit:
1605 1101 1664 1123 nec
1676 1090 1755 1124 alius
1767 1091 1865 1126 iudex

1093 1139 1151 1184 qui
1161 1136 1313 1172 aduersus
1325 1138 1388 1171 nos
1401 1134 1595 1172 sententiam
1609 1137 1701 1178 ferat,
1713 1151 1866 1186 quaeren-

1094 1189 1154 1221 dus
1166 1186 1224 1221 cst.
1251 1187 1299 1221 Ex
1311 1199 1379 1233 quo
1394 1184 1597 1233 consequens
1610 1188 1652 1221 est
1664 1211 1675 1226 ‚
1699 1189 1777 1223 iram
1796 1190 1865 1223 Dei

1094 1236 1128 1270 in
1141 1248 1205 1278 nos
1215 1237 1415 1270 concitatam
1428 1233 1490 1270 effe
1502 1258 1512 1274 ‚
1530 1235 1769 1285 neminemque
1786 1233 1867 1285 pos-

1093 1284 1125 1320 se
1147 1286 1263 1319 mortis
1277 1296 1404 1319 aeternae
1420 1284 1583 1319 iuditium
1602 1283 1758 1334 effugere.
1787 1287 1864 1322 Nisi

1095 1333 1175 1368 vero
1189 1334 1284 1369 valde
1302 1333 1507 1368 somnolenti
1527 1344 1584 1369 aut
1598 1337 1740 1369 omnino
1759 1336 1863 1384 stupi—

1095 1383 1128 1417 di
1151 1382 1212 1418 effe
1231 1383 1387 1423 Velinum,
1411 1382 1568 1418 horribili
1580 1383 1636 1418 illa
1654 1386 1864 1432 cogitatione

1093 1432 1183 1479 quasi
1212 1443 1370 1480 perpetua
1391 1431 1544 1481 gehenna
1565 1445 1628 1467 nos
1657 1435 1807 1481 torqueri
1830 1440 1864 1472 &

1094 1483 1205 1516 vexari
1215 1480 1340 1516 necesse
1354 1481 1410 1516 est.
1429 1483 1504 1516 Nec
1516 1483 1605 1517 enim
1615 1483 1648 1517 in
1662 1485 1863 1519 memoriam

1094 1530 1196 1566 nobis
1212 1530 1319 1565 redire
1339 1532 1444 1578 potest
1468 1531 1630 1566 iudicium
1651 1533 1721 1568 Dei
1745 1555 1757 1572 ,
1781 1535 1864 1581 quin

1094 1580 1265 1615 damnatio
1276 1581 1383 1615 nostra
1393 1579 1488 1615 simul
1501 1579 1601 1616 nobis
1610 1593 1774 1630 appareat.
1792 1585 1865 1618 Iam

1094 1641 1175 1678 ergo
1203 1629 1364 1677 voragine
1390 1630 1508 1664 mortis
1532 1630 1736 1679 deglutimur
1762 1655 1774 1672 ‚
1803 1631 1865 1667 nisi

1091 1680 1186 1713 Deus
1210 1690 1283 1726 opt.
1295 1691 1377 1713 max.
1399 1691 1462 1713 nos
1489 1680 1617 1727 eripiat.
1710 1694 1784 1716 uam
1805 1693 1866 1716 ve·-

1092 1727 1131 1762 ro
1156 1726 1246 1776 spem
1274 1725 1522 1763 resurreffionis
1543 1728 1664 1764 habere
1681 1730 1864 1778 possumus,
1906 1755 1913 1763 s

1093 1776 1170 1812 cum
1188 1789 1318 1812 carnem
1332 1776 1479 1812 nostram
1491 1777 1866 1828 consideramusgputri-

1091 1826 1166 1861 dam
1175 1825 1326 1874 ipsum&
1336 1828 1432 1861 omni
1443 1829 1652 1876 corruptioni
1661 1828 1864 1865 obnoxiam?

1091 1875 1291 1923 Itaque‚siue
1301 1875 1503 1922 corpuS,fiue
1511 1878 1653 1912 animam
1663 1876 1864 1926 ἷρεᾶεωυε,
1915 1875 1925 1881 „

1091 1924 1177 1959 nihil
1188 1925 1233 1960 est
1246 1924 1345 1960 nobis
1357 1924 1734 1975 iniserabiliuS‚quandiu
1746 1928 1781 1963 in
1795 1940 1864 1963 no-

1092 1973 1144 2008 bis
1165 1974 1240 2022 ipsis
1259 1973 1455 2011 residemus:
1474 1988 1584 2023 neque
1603 1975 1771 2025 possumus
1790 1990 1864 2013 non

1092 2021 1322 2059 miserabiliter
1332 2036 1370 2058 an
1375 2024 1409 2072 gi
1420 2047 1430 2064 ,
1447 2025 1515 2059 sum
1522 2023 1641 2074 mzique
1650 2027 1799 2062 molestia
1810 2025 1864 2061 af-

1091 2070 1170 2112 fici,
1197 2073 1277 2108 dum
1296 2083 1459 2108 tantarum
1472 2072 1674 2110 miseriarum
1686 2074 1775 2111 sensu
1787 2073 1864 2116 affi-

1092 2122 1210 2156 cimur.
1220 2124 1269 2158 Vt
1283 2123 1384 2169 igitur
1394 2125 1489 2157 Pater
1500 2123 1639 2158 coelestis
1649 2124 1730 2160 huic
1742 2126 1862 2161 nostra:

1091 2171 1272 2206 calamitati
1289 2171 1499 2211 subueniret,
1521 2174 1665 2208 Coenam
1683 2173 1784 2210 nobis
1800 2176 1862 2210 de-

1090 2219 1159 2259 dit,
1170 2221 1274 2254 veluti
1285 2218 1464 2267 speculum,
1477 2222 1510 2255 in
1519 2234 1587 2269 quo
1600 2223 1772 2258 Christum
1785 2236 1861 2259 cru-

1089 2267 1226 2303 cifixum
1239 2269 1466 2306 &suscitatum
1478 2273 1758 2318 contemplemur.
1769 2273 1861 2309 Crix-

1089 2317 1281 2358 cifixum,vt
1292 2319 1464 2354 deleantur
1474 2331 1605 2366 peccata
1617 2325 1649 2356 ἅτ
1661 2321 1780 2357 delicta
1792 2335 1861 2356 no-

1089 2366 1163 2401 stra.
1186 2368 1395 2408 Suscitatum‚
1404 2379 1439 2404 Vt
1450 2368 1468 2403 a
1480 2371 1736 2416 corruptione&
1749 2381 1860 2407 morte

1088 2415 1239 2455 liberati,
1261 2416 1387 2453 coelesti
1409 2414 1650 2453 immortalitat'i
1667 2419 1856 2455 reddamur.

1088 2466 1187 2500 Hanc
1208 2465 1403 2514 singularem
1421 2465 1684 2501 consolationem
1697 2480 1734 2502 ex
1747 2470 1858 2505 Coena

1088 2515 1238 2549 Domini
1255 2515 1479 2563 percipimus,
1497 2515 1590 2562 quod
1607 2528 1669 2550 nos
1688 2516 1857 2566 derigitac

1089 2564 1181 2598 ducit
1193 2564 1233 2598 ad
1247 2576 1379 2600 crucem
1388 2568 1421 2600 &
1432 2561 1703 2599 resurrectionem
1717 2565 1854 2602 Christi:

1089 2625 1124 2647 vt
1146 2613 1238 2647 certo
1258 2612 1395 2649 sciamus
1407 2636 1418 2652 ‚
1439 2624 1501 2646 nos
1513 2615 1664 2660 quamuis
1675 2614 1810 2661 iniquos
1821 2621 1855 2653 δε

1088 2662 1236 2709 impuros
1247 2685 1257 2702 ‚
1271 2659 1405 2710 agnosci
1417 2672 1526 2696 tamen
1539 2666 1571 2698 δι
1581 2663 1683 2710 recipi
1695 2663 1711 2697 Ξι
1722 2665 1854 2701 Domi-

1088 2723 1153 2751 n0‚
1172 2722 1271 2760 atque
1289 2713 1391 2747 etiam
1408 2709 1523 2745 haberi
1535 2723 1596 2759 pro
1609 2711 1856 2761 iustis:quam-

1088 2761 1136 2794 uis
1166 2771 1275 2796 morte
1296 2758 1521 2806 circunseptos
1537 2783 1546 2800 ,
1569 2759 1792 2797 nihilominus
1811 2762 1854 2798 ab

1087 2808 1158 2857 ipso
1169 2811 1244 2845 vitae
1253 2809 1512 2856 redd12quamuis
1519 2808 1716 2845 miserabiles
1725 2816 1756 2847 &
1767 2814 1855 2847 cala·-

1087 2857 1249 2898 mstosos,
1268 2871 1329 2893 nos
1347 2870 1460 2894 tamen
1479 2859 1575 2893 omni
1595 2857 1779 2895 foelicitatis
1792 2874 1855 2908 ge,-

1087 2919 1164 2942 nere
1182 2908 1312 2956 impleri
1330 2920 1367 2942 ac
1384 2908 1557 2942 cumulari.
1569 2909 1657 2948 Vel,
1670 2920 1705 2944 vt
1726 2907 1853 2946 facilius

1088 2958 1299 3004 explicet-nus-
1330 2955 1421 2992 Csun
1444 2955 1527 2990 nihil
1548 2958 1692 2992 omnino
1713 2957 1797 2994 boni
1817 2961 1854 2995 in

1087 3005 1188 3042 nobis
1204 3004 1360 3045 resideat,
1384 3018 1445 3040 nec
1465 3006 1529 3040 vlla
1541 3018 1652 3041 earum
1660 3018 1767 3043 rerum
1781 3020 1854 3056 quae

1086 3054 1126 3089 ad
1175 3054 1308 3090 salutem
1348 3053 1615 3102 consequendam
1655 3056 1852 3094 adiumento

1086 3101 1147 3138 effe
1159 3103 1303 3139 debent:
1320 3103 1428 3138 Ccena
1440 3127 1450 3144 ‚
1462 3105 1609 3149 locuples
1619 3104 1853 3141 testiinonium

1086 3153 1141 3187 dat
1153 3176 1162 3192 ,
1177 3165 1238 3187 nos
1252 3153 1413 3199 quicquid
1428 3154 1549 3188 vtile&
1564 3151 1696 3187 salutare
1707 3153 1752 3188 est
1765 3167 1852 3189 con-

1084 3199 1212 3236 secutos
1226 3201 1301 3240 esse,
1314 3201 1389 3236 cum
1403 3203 1520 3236 mortis
1531 3205 1564 3237 δι
1577 3199 1731 3247 passionis
1744 3201 1851 3238 Chri-

1082 3249 1123 3287 sti
1132 3251 1306 3298 participes
1321 3250 1387 3286 sum
1394 3249 1678 3295 us.Qiamobrem
1687 3248 1850 3286 affirmare

1734 3296 1849 3348 poffuff
