2113 3674
948 153 961 164 f

286 215 353 262 483
833 204 1370 242 1Ns‘ercr1o

320 277 321 280 ’
344 276 424 325 Q
437 268 498 309 [N
507 271 542 306 T
553 271 586 306 V
597 269 617 305 S
634 266 802 304 Articulu's
814 267 861 303 est
874 269 914 304 de
934 268 1078 303 Pastori-

292 316 378 364 b'us‘,
404 337 437 359 in
448 334 515 370 quo
527 317 700 354 confilium
722 317 977 364 quodammodo
989 318 1081 352 suum

293 375 522 408 immutarunt.
541 369 631 403 Prius
641 368 731 401 enim
743 366 895 402 delirium
907 367 972 402 hoc
985 380 1079 402 men-

294 416 349 458 tes·
364 416 478 457 eorum
499 417 643 452 omnino
664 414 890 463 perstrinxerat
900 440 909 455 ,
929 428 963 450 vt
986 428 1082 463 puta-

293 462 375 507 r'e'nff
386 481 441 504 eos
468 464 628 502 aduersari
648 466 726 500 Deo
739 466 757 505 ',
777 465 835 513 qui
847 465 988 512 pastores
1011 477 1082 498 cer-

291 521 333 556 tis
344 520 424 553 locis
437 513 592 564 praestitui
607 514 841 562 vellentzatque
852 513 1083 552 censebant,o-

293 578 385 603 mnes
398 565 504 614 quiad
514 563 579 598 hoc
589 575 706 598 munus
721 562 925 598 vocabantur
936 586 947 602 ,
969 563 1030 596 huc
1041 562 1082 595 il-

291 618 344 651 luc
358 616 535 650 discurrere
547 611 769 660 debere‚quas1
784 613 1026 659 Apostolorum
1041 609 1083 644 fi-

290 667 456 705 mias'mon
468 672 563 697 veros
578 663 774 697 imitatores.
796 663 875 696 Haec
888 661 988 708 porro
1005 659 1083 706 phi-

291 708 529 761 losop'hiainde
542 711 705 750 manabat,
721 709 813 757 quod
831 709 913 744 serio
924 718 1084 756 cuperent

291 762 406 798 fideles
419 760 587 796 ministros
604 759 662 794 fibi
677 760 802 796 cedere,
814 757 1019 804 vacuumque
1030 757 1084 790 lo-

292 825 367 847 cum
378 809 491 848 sinere,
500 809 568 857 quo
582 808 716 843 liberius
726 820 890 842 venenum
902 804 992 841 suum
1006 805 1083 841 vbi-

290 873 357 908 que
369 856 534 895 effundere
570 855 790 894 ostent-Nunc
801 856 918 893 verensi
926 869 963 890 ue
975 857 1083 902 agno'-

292 910 380 945 scant
391 920 535 944 errorem
545 870 635 941 suum
647 930 655 945 ,
677 904 742 940 siue
763 906 833 952 plus
846 904 905 939 fibi
918 903 1083 952 priuilegij

291 968 460 1006 arrogent,
475 956 574 1004 quam
585 956 707 989 caeteris
717 955 821 989 velint
835 953 1034 990 concedere,
1049 955 1082 987 in

291 1007 358 1042 hoc
372 1019 447 1042 cuin
461 1007 506 1040 eis
518 1002 753 1042 consentimus,
773 1004 892 1038 nullam
906 1001 1081 1037 Ecclesiam

291 1054 382 1105 poss'e
394 1054 513 1102 absque
525 1053 674 1088 ministro
689 1052 805 1087 statum
820 1050 909 1086 suum
925 1051 1076 1089 retinere,

290 1116 392 1154 atque
408 1104 485 1139 ideo
497 1103 530 1137 in
540 1102 636 1136 omni
649 1102 908 1149 congregatione
920 1098 1082 1146 pastorem

291 1151 570 1190 constituendum:
587 1149 693 1185 modo
705 1151 802 1185 etiam
815 1148 1082 1197 agnoscerent,v-

291 1203 462 1249 bicunque
478 1198 626 1235 minister
639 1199 701 1234 rite
716 1200 911 1233 constitutus
923 1196 978 1236 est,
991 1210 1025 1231 ac
1040 1196 1083 1231 fi-

292 1252 412 1287 deliter
423 1261 558 1285 munere
569 1247 626 1283 suo
636 1246 795 1295 fungitur,
810 1259 1082 1294 vnumquenque,

294 1301 354 1349 qui
367 1312 427 1347 pro
439 1298 626 1334 Christiano
635 1296 751 1331 haberi.
761 1297 841 1335 vult,
854 1295 972 1330 debere
984 1297 1012 1331 ei
1022 1296 1083 1330 ad-

291 1349 474 1387 haerere‚&
494 1359 568 1382 cum
582 1347 711 1394 reliquo
724 1358 841 1394 grege,
860 1344 956 1392 ipsius
979 1345 1083 1379 mini-

291 1398 392 1434 sterio
405 1395 478 1432 frui.
501 1396 562 1430 Sed
576 1396 656 1443 quid
668 1398 791 1442 agunt?
803 1395 891 1439 Qia
902 1406 1016 1428 eorum
1030 1406 1082 1428 er-

289 1447 423 1484 roribus
434 1443 657 1480 obsecundare
670 1445 822 1477 nolumus
835 1466 844 1482 ,
858 1444 1009 1490 quamuis
1020 1456 1082 1490 pu-

291 1497 326 1532 ῐὲ
338 1495 571 1530 annuntiemus
581 1491 718 1527 verbum
732 1494 818 1530 Dei,
829 1504 890 1525 nos
899 1502 1008 1526 tamen
1022 1504 1082 1539 pro

290 1546 376 1593 lupis
388 1542 558 1590 rapacibus
578 1541 700 1576 habent
718 1564 728 1580 ,
750 1538 875 1588 nosque
894 1541 938 1574 ita
952 1539 1082 1576 abomi-

290 1604 429 1631 nantur,
453 1602 488 1626 vt
503 1592 634 1626 credant
645 1590 674 1624 se
686 1587 808 1624 facinus
823 1601 931 1624 morte
946 1590 1083 1638 dignum

289 1640 481 1678 admissuros
494 1664 503 1678 ,
526 1640 548 1675 fi
574 1641 624 1674 vel
637 1640 695 1673 vni
714 1640 827 1673 nostrae
849 1639 1007 1673 concioni
1022 1639 1081 1674 ad·-

290 1690 424 1728 fuerint.
442 1688 576 1724 Dehinc
586 1712 597 1728 ‚
611 1686 736 1723 subitos
747 1685 915 1722 ministros
926 1693 1084 1728 creant‚&

289 1750 468 1777 momento
489 1750 558 1772 vno
580 1735 684 1772 fac-tos
703 1760 712 1774 ‚
733 1748 767 1772 vt
787 1736 944 1770 diuellant
964 1737 1082 1773 Eccle-

271 1782 383 1829 Ustam,
399 1783 561 1835 populum
571 1785 750 1821 distrahant
762 1809 772 1824 ,
787 1783 958 1833 coett'isque
969 1787 1083 1822 ineant

289 1840 376 1874 inter
389 1836 419 1873 se
432 1836 612 1872 contrarios
638 1848 646 1868 :
667 1847 707 1868 ne
718 1836 784 1870 Dei
796 1846 916 1868 nomen
928 1857 937 1871 ,
958 1847 1026 1868 vno
1040 1849 1082 1869 o-

289 1888 423 1923 mnium
436 1882 591 1920 consensu
604 1907 611 1921 2
624 1888 656 1920 δι
669 1895 703 1917 ea
714 1895 777 1931 qua
790 1882 884 1917 decet
904 1885 1083 1922 concordia

291 1946 477 1972 inuocetur.

366 2028 735 2072 ,ARTICVLVS
796 2029 870 2063 Vl.
920 2031 999 2064 ‘DE

594 2075 778 2124 magistram.

354 2176 553 2214 Concedimus
555 2174 696 2223 gladium
707 2173 758 2220 effe
774 2171 947 2206 ordinatum
964 2169 983 2207 ai
999 2177 1079 2214 Deo,

292 2238 383 2263 extra
392 2228 598 2278 perfeflz'onem
609 2220 730 2267 Christi.
759 2224 1033 2271 ·11aquepra·ncipes
1043 2229 1086 2264 &v

285 2279 450 2327 superiores
461 2273 647 2319 huimseculx
671 2270 891 2316 constituttfimt
899 2270 1083 2320 adpum'en„

291 2327 346 2361 dos
353 2330 448 2368 fimtes
467 2348 477 2363 ‚
491 2328 528 2363 ό·
546 2332 634 2356 morte
641 2318 840 2355 mulstandos.
861 2318 921 2353 Sed
932 2323 965 2353 in
977 2321 1080 2369 perfe-

292 2376 387 2410 {lione
405 2371 514 2416 Christi
534 2395 544 2411 ,
563 2372 829 2404 excommunicatio
842 2377 1081 2419 extremapoena

292 2423 408 2471 estfine
417 2432 507 2456 morte
516 2420 671 2469 corporali.

507 2514 876 2572 REFVrArm.

335 2613 678 2656 Animaduerte-ndum
691 2610 746 2647 hic
756 2611 1018 2647 moderationem
1030 2608 1080 2645 es—

293 2669 324 2704 se
333 2669 374 2703 ab
389 2667 465 2716 ipsis
477 2663 658 2700 adhibitam
673 2676 681 2695 :
704 2673 740 2696 vt
751 2662 953 2709 corrigerent
965 2673 999 2695 ea
1008 2671 1080 2707 quae

292 2719 382 2766 prius
395 2718 559 2752 dixerant:
582 2711 739 2760 quoniam
752 2722 811 2757 pro
821 2710 872 2744 sua
882 2709 1080 2744 absurditate

292 2765 428 2801 videbit
437 2763 478 2799 ab
487 2760 643 2797 omnibus
655 2759 757 2794 reiici.
777 2760 855 2793 Hoc
866 2759 954 2793 enim
966 2758 1079 2792 hono-

294 2815 338 2850 ris
350 2811 557 2862 principibus
568 2807 811 2856 &magistratui
825 2804 1025 2845 deferebant,
1043 2817 1079 2841 vt

293 2874 350 2898 eos
359 2861 518 2896 haberent
527 2872 586 2907 pro
598 2855 885 2906 praedonibus.Sed
897 2855 971 2890 cum
985 2854 1078 2889 vide-

294 2921 370 2947 rent
382 2910 447 2946 hoc
460 2910 552 2943 nullo
572 2906 676 2941 modo
686 2905 817 2940 tolerari
834 2903 920 2951 poffe
936 2926 947 2943 ,
968 2901 1079 2938 confi-

292 2955 375 2995 lium
393 2960 439 2994 eis
451 2955 513 2992 fuit
531 2956 596 2991 hoc
617 2952 729 2989 senfim
747 2957 780 2989 &
799 2953 914 2986 leniter
932 2952 989 2986 sub
1011 2951 1078 2986 hoc

292 3006 440 3056 specioso
452 3005 563 3040 colore
575 3006 744 3039 retractare
754 3015 764 3035 ι
784 3013 904 3049 nempe
916 3010 1077 3035 terrenam

291 3056 573 3093 dominationem,
585 3052 652 3087 Dei
661 3051 906 3086 ordinationem
917 3047 1079 3088 effe,extra

290 3104 531 3154 perfeetionem
545 3099 682 3136 Christi.
709 3100 789 3133 Hoc
803 3108 910 3133 autem
921 3097 1023 3131 verbo
1035 3096 1077 3131 sl*

289 3154 450 3206 gnificant
475 3160 594 3185 munus
623 3148 684 3183 effe
708 3147 902 3182 Christianis
919 3145 1078 3180 erunibus

290 3205 434 3240 vetitum
446 3212 481 3235 ac
493 3199 698 3234 illicitumzvt
709 3194 768 3243 ipsi
782 3197 880 3229 etiam
895 3193 1006 3242 postea
1017 3195 1058 3229 de
1067 3215 1077 3223 ·

289 3255 422 3290 clarant.
432 3250 535 3286 Nune
549 3245 770 3293 expendamus
779 3256 819 3278 an
831 3242 1014 3279 Christiana
1024 3255 1077 3277 re-

288 3303 373 3350 ligio
384 3311 460 3338 cum
471 3295 661 3347 magistratu
689 3303 744 3329 aut
752 3293 941 3341 principatu
952 3302 1077 3341 tenues

579 3363 586 3381 l

1128 268 1199 300 nire
1212 278 1279 298 non
1291 263 1388 311 poslit
1410 279 1418 298 ε
1443 265 1525 300 adeo
1539 276 1574 301 vt
1594 268 1650 315 qui
1665 268 1703 303 ad
1731 280 1832 306 vnum
1850 272 1916 306 νος

1128 325 1217 349 catur
1238 338 1249 354 ,
1269 326 1404 361 cogatur
1423 312 1451 347 sc
1462 316 1564 348 altero
1583 318 1746 353 abdicare.
1767 320 1915 357 Primum

1129 375 1249 411 quarto,
1269 361 1290 396 si
1309 375 1426 397 munus
1440 362 1475 396 sit
1486 363 1634 401 fidelium
1648 368 1820 403 vocationi
1831 383 1917 405 con-

1130 413 1380 458 trarium‚gladij
1394 412 1584 458 potestatem
1597 427 1814 456 exercere‚aut
1822 420 1916 465 prin-

1131 462 1240 507 cipatu
1253 457 1358 494 aliave
1370 462 1600 497 dominatione
1612 463 1727 512 fungi,
1742 468 1917 512 quomodo

1131 511 1165 543 iu
1181 510 1282 543 veteri
1298 509 1513 544 Testamemo
1524 513 1666 552 Iudices,
1683 516 1761 548 item
1776 514 1858 550 boni
1869 516 1916 551 illi

1130 559 1253 606 RegeS‚
1269 559 1394 598 Dauid,
1407 559 1572 599 Ezechias,
1584 561 1695 601 lofin,
1707 574 1806 610 atque
1818 566 1917 599 etiam

1131 607 1283 641 nonnulli
1297 619 1333 641 ex
1345 608 1538 655 Prophetis,
1553 611 1655 645 veluti
1671 612 1803 652 Daniel,
1818 613 1857 647 iis
1871 612 1918 647 vsi

1131 654 1203 690 sunt
1219 659 1234 689 ἓ
1253 657 1326 690 Nec
1340 657 1430 691 enim
1445 658 1513 692 vllo
1523 660 1623 693 modo
1636 662 1807 699 conuenit,
1815 672 1851 696 vt
1863 663 1917 697 di-

1132 717 1242 740 camus
1257 705 1290 738 id
1302 705 1457 740 vitiosum
1469 707 1502 740 in
1515 707 1586 754 ipsis
1599 707 1707 744 fuisse:
1721 709 1796 744 cum
1810 712 1916 758 Spiri-

1132 764 1184 788 tus
1196 752 1321 788 sanctus
1332 755 1467 790 testetur
1478 758 1603 790 ludices
1615 759 1633 793 ὂ.
1642 760 1720 793 Deo
1733 756 1912 800 suscitatos,

1131 813 1166 837 vt
1177 815 1234 849 per
1245 815 1301 836 eos
1313 805 1454 851 populus
1466 804 1670 841 liberaretur:
1689 806 1790 855 idque
1802 810 1917 855 praeci-

1131 853 1194 898 pue
1208 853 1239 885 in
1253 852 1347 887 Mose
1360 852 1564 901 perspicuum
1578 855 1632 894 est,
1644 857 1701 903 qui
1714 857 1789 891 crim
1803 858 1917 892 nomi-

1131 902 1280 935 natirneo
1298 914 1432 936 munere
1456 900 1548 951 fungi
1567 903 1752 945 iuberetur,
1775 905 1917 941 libenter

1131 951 1218 983 tame
1230 949 1404 985 recusasset.
1420 951 1481 985 Sed
1496 963 1529 986 vt
1543 964 1667 987 morem
1682 966 1810 1000 gereret
1824 957 1917 996 Deo,

1131 996 1196 1031 hoc
1210 1009 1327 1031 munus
1339 997 1495 1045 suscipere
1505 1001 1533 1033 ei
1546 1001 1667 1035 necesse
1677 1002 1749 1037 fuit.
1774 1005 1918 1039 Dauidis

1131 1058 1210 1080 vero
1223 1059 1361 1094 regnum
1372 1071 1381 1085 ‚
1409 1049 1501 1082 Deus
1510 1061 1578 1082 non
1589 1047 1688 1084 solum
1703 1052 1916 1098 approbanst,

1131 1094 1183 1129 sed
1196 1096 1292 1130 etiam
1304 1096 1454 1130 laudibus
1468 1097 1604 1137 extulit,
1617 1102 1648 1133 ὅ(
1673 1102 1802 1134 ornauit
1811 1103 1917 1136 titulis

1131 1143 1328 1192 magnificis.
1351 1146 1405 1179 De
1417 1146 1484 1179 eius
1496 1144 1736 1186 successoribus,
1749 1148 1822 1184 curn
1839 1151 1919 1192 eade

1130 1192 1167 1228 sit
1181 1194 1264 1227 ratio
1277 1216 1287 1233 ,
1304 1194 1392 1228 idem
1404 1193 1602 1229 censendum
1615 1195 1671 1231 est.
1698 1198 1839 1233 Nullum
1851 1200 1919 1248 igi-

1130 1252 1183 1276 tur
1193 1241 1329 1289 superest
1339 1241 1406 1277 istis
1418 1245 1528 1277 omnis
1539 1245 1666 1278 ordinis
1678 1245 1827 1281 hostibus
1840 1247 1918 1282 sub-

1130 1288 1309 1339 terfugium
1321 1315 1330 1330 ,
1354 1292 1456 1339 quam
1473 1303 1507 1326 vt
1520 1293 1630 1327 dicant
1640 1296 1795 1329 maiorem
1811 1297 1827 1331 a
1839 1298 1918 1331 Do-

1129 1342 1224 1374 mino
1246 1338 1484 1388 perfeffionem
1507 1342 1539 1375 in
1559 1341 1698 1377 Ecclesia
1718 1343 1917 1383 Christiana.

1130 1389 1229 1436 quam
1242 1390 1324 1424 olim
1338 1392 1371 1424 in
1385 1390 1511 1437 populo
1523 1391 1660 1425 Iudaico
1679 1394 1811 1440 requiri.
1838 1396 1918 1430 Hoc

1128 1439 1264 1485 quidem
1278 1450 1391 1473 verum
1404 1439 1560 1485 est,qnod
1571 1440 1609 1474 ad
1624 1443 1826 1476 ceremonias
1838 1445 1919 1478 atti-

1130 1498 1199 1521 net.
1216 1488 1300 1522 lllud
1310 1487 1437 1528 falsum,
1449 1500 1511 1522 nos
1523 1489 1616 1523 aliam
1629 1490 1762 1524 viuendi
1772 1493 1919 1539 regulam

1130 1534 1250 1570 habere
1260 1537 1358 1584 quam
1373 1538 1602 1584 veteres,qu0d
1620 1537 1741 1584 spestat
1752 1540 1790 1574 ad
1800 1541 1918 1589 legem,

1130 1597 1229 1632 quam
1243 1587 1402 1620 moralem
1415 1587 1624 1634 vocant.Q
1636 1586 1701 1621 hoc
1711 1588 1916 1636 cogitarunt,

1131 1645 1301 1681 coeperunt
1315 1634 1521 1669 occasionem
1534 1648 1569 1669 ex
1580 1645 1606 1680 5.
1620 1636 1843 1682 cap-Matthaei
1857 1661 1867 1678 ,
1877 1650 1919 1673 v-

1131 1681 1165 1717 bi
1177 1683 1281 1731 prima
1294 1682 1403 1718 fronte
1423 1683 1554 1718 videtur
1566 1685 1734 1720 Dominus
1753 1687 1867 1732 quaedi
1878 1686 1920 1723 ad

1129 1743 1166 1766 ea
1179 1743 1250 1779 quae
1260 1733 1347 1779 prius
1366 1733 1493 1780 populo
1504 1733 1918 1784 mandauerat‚adiungere.

1131 1781 1193 1816 Sed
1218 1779 1241 1815 si
1263 1781 1348 1816 bene
1367 1780 1613 1830 diligenterque
1628 1781 1872 1818 consideremus
1882 1798 1920 1820 ea

1130 1841 1202 1876 quae
1214 1832 1365 1865 continet
1375 1831 1425 1865 lex
1437 1830 1541 1867 Mofis
1554 1854 1564 1870 ‚
1578 1835 1611 1866 δε
1622 1831 1800 1866 collatione
1821 1831 1916 1871 faeta,

1129 1879 1268 1914 alterum
1280 1880 1371 1913 alteri
1383 1891 1608 1927 comparemus
1619 1902 1629 1919 ,
1641 1877 1870 1927 perspiciemus
1882 1880 1918 1916 id

1131 1939 1199 1961 non
1211 1926 1300 1963 fuiffe
1311 1927 1482 1963 confilium
1490 1928 1773 1975 Domini,aliquid
1785 1929 1916 1965 addere:

1130 1975 1182 2011 sed
1195 1988 1303 2011 veram
1317 1978 1397 2025 legis
1412 1976 1779 2024 intelligentiam,quam
1791 1977 1917 2012 Rabini

1131 2023 1212 2059 falsis
1231 2025 1561 2072 interpretationibus
1573 2026 1806 2072 deprauarant‚
1823 2027 1918 2061 resti-

1130 2083 1222 2108 tuere
1233 2075 1265 2108 in
1276 2075 1454 2122 integrum.
1466 2076 1543 2110 Hoc
1555 2086 1634 2121 ergo
1648 2073 1732 2119 apud
1744 2085 1804 2107 nos
1816 2073 1917 2110 firmfi

1129 2121 1304 2170 ratumque
1316 2122 1474 2171 fitond
1485 2123 1523 2157 ad
1535 2134 1641 2156 veram
1651 2121 1806 2157 iustitiam
1819 2122 1916 2170 spiri·
1934 2125 1935 2128 ’

1129 2171 1251 2205 rualem
1265 2171 1397 2219 specht,
1408 2173 1440 2206 id
1453 2169 1511 2210 est,
1520 2182 1554 2204 vt
1565 2169 1670 2204 fidelis
1683 2170 1770 2205 bona
1780 2170 1820 2209 fit
1830 2176 1917 2207 con'-

1129 2218 1261 2254 scientii
1274 2220 1437 2267 praeditus,
1456 2218 1563 2268 fit'que
1575 2219 1703 2267 integer
1713 2231 1821 2255 coram
1833 2223 1911 2256 Deo

1127 2279 1199 2304 tum
1213 2273 1247 2304 in
1262 2270 1439 2303 vocatione
1449 2267 1499 2304 sua
1510 2279 1599 2307 ‚tum
1617 2268 1649 2302 in
1662 2268 1831 2315 operibus,
1852 2282 1915 2304 nos

1129 2317 1258 2364 plenam
1272 2329 1369 2365 :itque
1389 2318 1551 2366 integram
1576 2316 1832 2353 declarationem
1854 2317 1915 2353 ha-

1129 2366 1207 2400 bere
1219 2367 1252 2400 in
1263 2367 1334 2414 lege
1345 2365 1449 2400 Molis
1460 2391 1469 2406 ‚
1482 2377 1577 2414 quam
1588 2377 1649 2400 nos
1661 2365 1851 2413 fimpliciter
1862 2365 1914 2402 se-

1128 2416 1186 2461 qui
1197 2427 1332 2462 oportet
1347 2439 1357 2456 ,
1371 2414 1393 2449 si
1403 2415 1523 2450 retiam
1532 2415 1620 2449 viam
1629 2425 1744 2449 tenere
1758 2416 1911 2451 velimus.

1130 2463 1287 2511 Qsquis
1298 2477 1376 2512 ergo
1386 2465 1415 2499 ei
1426 2464 1518 2499 addit
1528 2486 1538 2503 ‚
1562 2472 1617 2497 aut
1627 2463 1668 2498 de
1680 2475 1714 2497 ea
1725 2464 1913 2505 imminuit,

1128 2512 1598 2561 terminostransgreditur.Sic
1609 2512 1914 2560 argumentumhoc

1129 2559 1308 2596 certissimfi
1319 2573 1419 2609 atque
1431 2562 1527 2596 omni
1551 2560 1761 2596 dubitatione
1772 2573 1912 2598 vacuum

1129 2611 1202 2644 erit.
1224 2611 1300 2645 Nos
1312 2610 1387 2645 curn
1400 2610 1509 2645 eunde
1520 2609 1665 2644 colamus
1678 2611 1913 2658 Deum,quem

1127 2659 1211 2693 olim
1230 2669 1356 2693 veteres
1376 2660 1422 2694 illi
1435 2669 1540 2707 patres
1564 2658 1696 2693 coluere
1712 2681 1724 2697 ‚
1743 2662 1777 2695 ἃ
1796 2660 1913 2699 eadem

1127 2706 1226 2741 nobis
1236 2718 1307 2754 quae
1315 2709 1397 2742 olim
1419 2707 1494 2756 ipsis
1504 2708 1552 2742 lex
1571 2711 1603 2743 δι
1619 2707 1693 2742 vitae
1701 2719 1816 2742 norma
1828 2720 1910 2755 pro-

1128 2755 1233 2803 posita
1244 2755 1281 2791 sit
1293 2780 1303 2796 ,
1315 2767 1387 2803 quae
1398 2757 1496 2791 docet
1508 2755 1684 2803 quomodo
1692 2754 1913 2804 vnusquisque

1127 2803 1158 2839 se
1168 2817 1280 2853 gerere
1291 2804 1421 2845 debeat,
1430 2817 1464 2840 vt
1473 2806 1560 2839 reete
1569 2803 1713 2839 ambulat
1724 2807 1802 2838 cori
1816 2807 1908 2840 Deo:

1126 2853 1329 2900 consequens
1340 2853 1698 2901 est‚vocationem,quae
1708 2863 1780 2887 tum
1792 2864 1828 2888 vt
1840 2854 1914 2889 san-

1126 2903 1216 2939 Cta&
1228 2903 1376 2950 legitima
1385 2902 1523 2951 probata
1541 2901 1587 2937 est
1602 2925 1612 2940 ,
1641 2913 1709 2936 non
1727 2900 1816 2949 posse
1826 2904 1913 2938 inter

1127 2951 1334 2986 Christianos
1347 2950 1539 2999 improbari.
1569 2950 1713 2985 vocatio
1726 2951 1814 2985 enim
1827 2963 1912 2999 prae-

1126 3001 1220 3047 cipua
1234 3011 1305 3046 pars
1316 3000 1360 3035 est
1371 2999 1615 3039 humanaevitae,
1628 3003 1661 3035 &
1673 3009 1743 3046 quae
1754 3000 1825 3047 plus
1835 3013 1915 3035 mo-

1126 3050 1230 3084 menti
1250 3048 1350 3083 habet
1370 3061 1481 3083 coram
1503 3050 1592 3083 Deo.
1627 3048 1915 3084 Concludendum

1126 3109 1206 3146 ergo
1217 3097 1325 3132 ciuilis
1334 3096 1462 3133 iustitiae
1473 3107 1592 3132 munus
1602 3107 1708 3143 neque
1719 3096 1736 3131 ὲ
1746 3096 1844 3131 nobis
1852 3097 1915 3132 ab-

1125 3146 1302 3180 dicandum
1312 3169 1322 3185 ‚
1334 3158 1442 3194 neque
1452 3145 1494 3181 ab
1505 3142 1644 3180 Ecclesia
1658 3144 1848 3180 Christiana
1859 3159 1914 3181 re-

1125 3194 1306 3229 iiciendum
1320 3193 1404 3234 effe,
1420 3194 1495 3230 cum
1509 3194 1679 3228 Dominus
1703 3194 1736 3228 id
1755 3196 1788 3229 in
1800 3207 1913 3242 popu-

1124 3243 1159 3277 lo
1180 3243 1318 3277 ludaico
1339 3241 1517 3278 instituerit
1536 3246 1570 3278 ὅ(
1588 3241 1780 3288 approbarit
1804 3256 1814 3277 ε
1834 3242 1911 3279 curn

1124 3290 1365 3339 praestantiores
1378 3291 1396 3327 ὲ
1411 3289 1509 3328 seruis
1522 3288 1585 3326 suis
1603 3300 1704 3339 atque
1716 3291 1910 3375 etiamg’ro-

1793 3352 1815 3388 p
1842 3350 1911 3388 etas

2024 267 2056 339 ,φιὶ
