2113 3674
267 224 324 269 528

283 287 411 323 diuitiis
424 284 582 321 omnibus
594 282 728 318 cedere:
742 280 794 318 sed
805 292 874 318 non
887 283 1068 331 superbire,

285 351 327 372 ne
339 338 372 372 in
385 335 504 382 opibus
517 333 725 379 corruptioni
743 332 901 368 obnoxiis
918 334 1005 381 spem
1016 333 1068 366 lo-

231 405 240 418 l
286 398 360 423 cent
373 409 382 424 ,
402 384 500 418 sedvt
513 381 657 417 inbonis
676 381 833 428 operibus
854 382 915 417 sint
937 383 1068 417 diuites.

157 438 265 477 Ephefi6
285 438 369 470 Non
395 433 486 468 iubet
508 432 666 465 dominos
692 433 924 466 manumittere
943 433 1070 465 manci-

162 489 181 514 9

158 563 177 588 6

156 610 175 629 1.
180 605 265 633 Cor.7.

158 648 192 674 30

286 479 403 531 piasua
423 504 433 521 ,
452 480 504 515 sed
526 479 655 515 tantum
675 479 862 515 humaniter
876 486 907 517 δι
925 478 1071 525 benigne

155 518 271 556 m-hefi4
284 533 432 568 tra6iare.
461 531 546 564 Non
566 540 655 564 vetat
671 532 859 577 emptiones
879 541 932 564 aut
950 529 1071 562 vendi-

284 583 414 616 tiones:
437 577 489 613 sed
511 591 553 613 ne
574 579 753 613 vendendo
769 590 823 613 aut
842 578 985 613 emendo
1006 579 1070 610 cir-

286 630 531 665 cumueniamus
541 629 713 675 proximos
726 651 736 667 ,
755 641 808 663 aut
820 626 1017 662 fraudemus.
1037 628 1072 659 I-

284 691 352 715 tetn
366 702 375 716 ‚
397 689 431 713 vt
445 678 466 721 ij
480 680 663 724 quiemunt
685 677 764 711 tales
775 676 837 711 sint
849 700 859 716 ‚
878 674 937 710 acsi
956 687 1024 708 non
1035 686 1071 707 e-

283 738 424 763 ruerent.
450 727 533 761 Non
545 725 638 760 iubet
655 726 774 773 praedia
786 724 929 772 relinqui
946 747 955 762 ,
971 721 1026 756 sed
1038 734 1072 758 vt

281 779 339 824 qui
351 789 386 811 ea
403 774 587 824 poffident,
598 776 642 809 ita
653 774 682 809 se
693 773 882 822 gerant,acs1
895 774 980 807 nulla
993 770 1069 819 pos-

157 833 265 860 2.c0r.8.
283 826 436 861 siderent.
467 826 625 871 Denique
638 847 648 863 ‚
677 825 718 858 de
736 821 948 868 eleemosynis
967 820 1071 855 verba

155 879 178 900 11

283 874 424 914 faciens,
450 887 521 909 non
534 873 626 907 iubet
647 874 682 907 in
698 885 848 906 aceruum
864 870 985 905 coniici
1005 892 1015 909 ‚
1033 880 1070 904 vt

283 923 504 972 vnusquisque
518 946 527 962 ‚
540 932 699 969 quantum
712 920 772 955 fibi
784 919 906 955 neceffe
919 920 980 954 erit
990 941 1000 958 ‚
1013 919 1068 952 in-

282 974 325 1009 de
342 973 443 1008 sumat
461 988 468 1007 :
487 970 539 1006 sed
555 971 625 1005 vult
638 981 895 1017 vnumquenque
907 980 967 1016 pro
979 967 1067 1002 arbi-

281 1033 366 1058 tratu
377 1027 408 1058 δι
420 1020 594 1056 affecitione
605 1020 708 1054 animi
719 1019 765 1053 sui
784 1020 874 1053 dare:
897 1030 965 1051 non
979 1015 1068 1063 quasi

279 1072 433 1106 coaetum
451 1081 506 1104 aut
522 1070 554 1102 vi
568 1068 743 1116 impulsum
766 1092 775 1107 ‚
799 1066 850 1102 sed
869 1066 1012 1113 ingenue
1031 1078 1068 1100 ac

277 1121 474 1156 liberaliter:
495 1130 564 1152 non
575 1128 612 1152 vt
631 1118 690 1165 qui
701 1117 792 1151 diues
808 1115 854 1159 est
865 1139 875 1155 ,
890 1113 951 1149 sese
961 1115 1066 1149 adin-

279 1171 395 1217 opiam
410 1168 559 1215 redigat,
581 1167 650 1214 quo
662 1165 846 1213 suppeditet
858 1163 947 1198 aliis:
967 1163 1019 1198 sed
1031 1174 1068 1198 vt

277 1221 414 1268 penurie
427 1221 651 1264 proximorum
665 1228 702 1250 ex
713 1214 913 1249 abundantia
925 1210 977 1246 sua
989 1210 1067 1246 sub-

277 1268 402 1303 ueniat.
437 1267 518 1301 Haec
539 1263 611 1299 sunt
623 1265 715 1298 Pauli
733 1263 843 1297 verba.
869 1262 962 1309 Qd
976 1262 1068 1308 plura

276 1317 491 1364 requirimus?
504 1313 678 1349 Discarnus
690 1325 769 1360 ergo
779 1311 1067 1351 communionem,

276 1378 375 1413 quam
386 1366 472 1399 inter
483 1362 512 1398 sc
521 1363 644 1398 habent
657 1362 768 1397 fideles
782 1385 790 1401 ‚
803 1360 895 1408 quod
908 1360 948 1394 ad
962 1357 1066 1394 facul-

275 1427 359 1451 tates
375 1413 496 1461 speetu
509 1436 519 1452 ,
531 1425 607 1448 cum
620 1412 739 1446 ordine
751 1415 783 1446 &
796 1410 912 1457 politia
922 1410 1068 1444 coniun-

276 1477 374 1513 gere:
395 1462 505 1512 sicque
525 1462 708 1497 reiiciamus
727 1471 823 1507 atque
833 1458 1068 1494 abominemur

275 1511 440 1549 diabolica
460 1511 597 1546 istorum
619 1510 731 1547 deliria
745 1532 754 1548 ,
776 1509 833 1555 qui
847 1507 936 1541 bona
952 1509 1067 1542 omnia

275 1559 439 1597 confundi
449 1561 566 1596 volunt
575 1587 585 1602 ,
612 1569 648 1593 vt
660 1570 727 1592 non
741 1557 846 1591 solnm
858 1555 1067 1603 labyrinthos

274 1610 482 1646 inmundum
504 1607 663 1643 inuehant
681 1630 691 1646 ,
712 1605 765 1640 sed
783 1606 882 1641 etiam
902 1605 1067 1640 horrenda

273 1659 464 1695 latrocinia:
478 1657 571 1693 sicuti
592 1653 1066 1702 vnusquisqueanimaduerte-

273 1721 308 1744 re
325 1706 429 1757 posset
441 1731 450 1745 ,
470 1719 505 1741 ac
519 1706 634 1741 clarius
654 1706 880 1751 experimento
901 1703 1067 1751 perspice-

273 1769 335 1794 ret.
367 1755 473 1802 Qod
485 1756 605 1790 attinet
616 1754 656 1788 ad
678 1754 749 1788 illas
772 1753 946 1788 sententias
955 1756 1065 1793 Lucae,

272 1817 345 1855 quae
356 1806 445 1853 prius
456 1805 603 1852 allegatae
615 1801 764 1838 fuerunt:
784 1802 911 1837 constat
923 1803 962 1836 iis
973 1802 1065 1836 nihi-

272 1856 394 1903 loplus
407 1853 566 1889 fanaticos
581 1844 659 1888 istsss
676 1852 800 1891 iuuari,
820 1852 922 1899 quam
943 1864 1065 1885 mona-

272 1904 356 1940 chos
381 1927 391 1944 ‚
413 1903 521 1951 quiiis
535 1903 598 1936 niti
618 1902 794 1935 voluerunt
812 1923 822 1939 ‚
847 1912 883 1934 vt
903 1901 1066 1947 praeclaras

272 1953 342 1989 suas
352 1978 362 1993 ,
382 1953 452 1987 imo
465 1949 550 1985 suam
561 1973 572 1990 ,
587 1950 863 1984 communionem
875 1947 1065 1989 fundarent,

272 2001 396 2051 quibus
409 1999 450 2035 'in
471 1999 615 2035 claustris
636 1997 699 2032 suis
723 2009 877 2033 vtuntur.
926 1999 1065 2033 Omitto

273 2052 368 2099 quod
389 2050 526 2085 charitas
538 2047 683 2096 ipsorum
701 2059 770 2081 non
790 2046 830 2080 eo
842 2048 1063 2094 progreditur,

271 2112 309 2136 Vt
333 2101 532 2135 deteriorem
553 2097 783 2131 conditionem
802 2095 888 2130 suam
910 2097 1063 2135 reddant,

271 2149 342 2198 quo
355 2147 527 2183 beneficiis
538 2144 680 2181 afficiant
690 2146 782 2180 alios:
790 2156 976 2192 nam,aequo
990 2145 1065 2179 ani-

272 2212 332 2235 mo
345 2198 457 2232 ferunt
475 2197 556 2230 alios
579 2192 640 2229 sese
658 2198 773 2228 exuere
785 2218 794 2233 ‚
821 2193 892 2240 quo
904 2206 1064 2228 ornentur

273 2247 335 2295 ipsi
348 2261 356 2282 ι
368 2246 420 2281 sed
432 2246 511 2293 quid
525 2244 561 2280 sit
572 2245 643 2278 aliis
656 2243 778 2277 donare
790 2266 801 2282 ‚
822 2242 951 2289 prorsus
961 2244 1061 2290 igno-

273 2307 358 2332 rant.
391 2293 622 2342 Qinobrem
643 2293 758 2326 solitus
776 2290 843 2325 sum
865 2304 922 2325 eos
945 2303 1065 2326 vocare

274 2346 429 2381 doetores
449 2341 572 2390 paffiuae
593 2341 871 2387 charitatis2quia
890 2341 920 2375 se
931 2341 1064 2388 quantis

272 2390 666 2441 fieri.poterit‚beneficiis
677 2387 761 2424 affici
773 2389 1063 2437 patifiturtverum‚

273 2442 460 2478 vbi'omnia
481 2441 745 2489 ingurgitarunt,
769 2450 877 2485 neque
900 2438 1063 2474 fictamen

274 2492 430 2527 contenti
440 2491 650 2536 sunt,semper
661 2488 926 2522 obmurmurant.
956 2487 1063 2536 Qod

275 2541 453 2577 sidandum
466 2539 670 2586 (inqueratur
680 2538 759 2571 alius
773 2537 831 2584 qui
843 2537 875 2571 id
888 2534 1064 2572 faciatzhoc

276 2603 392 2625 eorum
401 2589 532 2623 animos
546 2587 649 2622 subire
661 2599 726 2620 non
739 2588 854 2633 potest.
866 2588 981 2633 Atque
989 2596 1063 2621 tan-

275 2639 350 2676 tum
362 2637 451 2673 abest
463 2647 498 2671 vt
510 2634 632 2684 poffint
644 2635 832 2670 charitatem
844 2634 984 2669 affluam
997 2635 1065 2670 bo-

280 2690 331 2723 nis
345 2687 502 2732 exemplis
514 2686 632 2720 docere
645 2694 698 2718 :vt
710 2696 874 2731 nunquam
886 2697 956 2718 eam
968 2684 1066 2719 addi-

276 2736 361 2773 scere
373 2734 770 2784 poffint.Caeterum,quia
784 2734 817 2766 in
835 2745 874 2767 eo
885 2732 1073 2768 ostendunt

277 2785 419 2824 tantum,
431 2797 499 2832 quo
509 2785 612 2819 animi
625 2782 732 2818 studio
742 2784 908 2829 'aguturssn
920 2781 979 2817 hac
990 2795 1066 2830 par-

277 2845 311 2869 te
321 2846 379 2868 eos
392 2835 527 2868 vlterius
538 2845 609 2868 non
616 2830 802 2880 prosequar.
814 2831 901 2865 Mihi
914 2834 1002 2866 enim
1017 2830 1065 2865 sa-

279 2885 322 2918 tis
343 2882 389 2923 est
407 2880 581 2917 ostendiffe
597 2881 698 2931 quam
717 2881 820 2927 impia
840 2885 872 2916 &
886 2880 1068 2916 damnanda

277 2932 348 2967 haec
360 2932 511 2977 doctrina
522 2931 571 2966 sit.

277 3001 352 3078 ἐξ.
376 3000 864 3064 RESVRRECTIONE
891 3028 1067 3078 Q‘AM

537 3087 638 3113 tenent
645 3074 812 3111 Libertini.

535 3177 613 3224 Cap.
663 3166 742 3209 xx·
749 3175 767 3208 1
779 3174 810 3209 ι.

157 3283 268 3318 2:2-17015,
353 3274 457 3310 Aulus
478 3272 686 3308 mentionem
706 3272 785 3309 facit
799 3269 921 3307 Phileti
942 3273 974 3305 δι
991 3270 1070 3317 Hy-

153 3335 185 3367 ιχ
260 3336 283 3350 x<
316 3338 332 3346 -·
351 3325 467 3366 menaei
484 3345 495 3365 ,
513 3321 573 3371 qui
596 3323 663 3359 iam
682 3322 740 3359 suo
758 3329 910 3369 tempore
927 3317 1069 3369 resurref

851 216 1392 256 INSTRVCTIO

1115 281 1263 315 ctionem
1289 281 1350 317 effe
1373 281 1491 317 factam
1518 283 1698 321 dicebant:
1729 285 1906 323 ostendens

1116 328 1272 364 nefariam
1292 330 1352 365 ess'e
1371 331 1513 366 haeresim
1527 355 1538 372 ,
1561 345 1623 380 qua
1643 334 1724 368 fides
1744 335 1907 371 Christia-

1118 391 1158 412 na
1178 379 1308 426 prorsus
1325 382 1494 415 euertitur.
1519 385 1564 417 At
1583 383 1801 417 nihilominus
1813 398 1908 420 canes

1118 426 1171 462 isti
1183 428 1397 463 execrabilem
1411 441 1554 465 errorem
1567 432 1657 466 suum
1678 433 1826 467 aduersus
1836 425 1909 468 sen-

1118 479 1257 511 tentiam
1289 478 1373 512 adet>
1401 476 1602 526 perspicuam
1632 483 1714 516 tueri
1734 495 1802 517 non
1823 482 1911 516 desi-

1118 537 1213 559 nunt.
1252 527 1377 561 Rident
1398 529 1487 561 enim
1510 528 1599 576 spem
1621 542 1758 565 omnem
1778 555 1788 571 ‚
1809 543 1910 578 quarn

1119 574 1160 608 de
1180 573 1415 609 resurre&ione
1439 575 1618 617 habemus,
1642 578 1745 626 idque
1768 585 1831 614 iam
1844 593 1911 614 no-

1119 622 1170 656 bis
1192 623 1331 658 eueniffe
1350 625 1465 659 dicunt
1486 649 1497 665 ‚
1517 627 1608 674 quod
1627 628 1734 662 adhuc
1757 630 1910 675 expefim-

1120 684 1203 706 mus-
1235 674 1267 707 Si
1279 685 1455 720 quaeratur,
1474 676 1649 722 quomodo
1661 677 1693 712 id
1708 678 1909 724 intelligantt

1117 733 1238 768 nempe
1259 745 1269 761 ,
1293 723 1469 770 inquiunt,
1489 735 1525 758 vt
1543 723 1646 759 honio
1668 725 1743 761 sciat
1763 728 1907 761 animam

1117 769 1203 803 suam
1215 769 1364 817 spiritum
1376 773 1594 808 immortalem
1607 773 1667 809 esse
1678 786 1840 823 perpetuo
1855 775 1911 809 vi-

1118 830 1250 853 uentem
1271 821 1306 854 in
1327 822 1419 855 coelis
1439 833 1498 855 :ac
1528 822 1697 858 Christum
1718 835 1824 859 morte
1858 823 1912 858 sua

1117 869 1350 914 opinationem
1363 869 1539 905 aboleuiffe
1551 894 1561 910 ,
1585 872 1688 919 eaque
1703 874 1830 908 ratione
1842 885 1910 906 no-

1116 915 1167 950 bis
1189 916 1358 952 restituiffe
1371 921 1492 959 vitam,
1518 932 1588 968 quae
1603 922 1637 955 in
1657 934 1697 955 eo
1708 921 1774 961 est,
1802 933 1911 956 vtnos

1117 966 1258 1001 minime
1281 969 1367 1001 mori
1381 969 1629 1015 cognoscamus.
1659 971 1711 1005 En
1733 971 1910 1018 quomodo

1116 1014 1213 1061 impij
1225 1014 1276 1049 isti
1297 1027 1371 1050 cum
1388 1017 1571 1052 maioribus
1590 1017 1651 1052 suis
1668 1021 1854 1066 Hymenaeo
1876 1024 1910 1056 &

1115 1062 1249 1097 Phileto
1262 1065 1460 1111 praecipuum
1479 1066 1558 1101 fidei
1579 1067 1695 1101 nostrae
1711 1068 1910 1103 fundamen-

1116 1122 1188 1146 tum
1209 1124 1363 1147 euertunt
1383 1127 1392 1147 ε
1413 1113 1480 1148 fine
1507 1126 1576 1162 quo
1596 1116 1813 1164 Euangelium
1831 1140 1842 1156 ,
1872 1128 1909 1152 vt

1114 1161 1160 1195 ait
1178 1163 1313 1202 Paulus,
1333 1164 1449 1210 nequit
1469 1163 1655 1199 consistere.
1675 1165 1806 1200 Sublata
1816 1167 1906 1201 enim

1114 1209 1352 1245 resurrectione
1369 1234 1380 1251 ,
1399 1213 1480 1259 quid
1503 1213 1646 1260 amplius
1663 1213 1759 1249 restat
1775 1218 1790 1247 ἒ
1816 1216 1949 1259 Tol-14

1114 1259 1330 1299 liturautem‚
1351 1260 1426 1296 cum
1437 1262 1508 1296 talis
1535 1263 1724 1310 concipitur
1742 1264 1908 1311 imagina-

1114 1309 1183 1346 tio,
1207 1321 1271 1356 qua
1285 1310 1404 1344 veritas
1420 1310 1608 1346 destruitur.
1635 1313 1762 1347 Verum
1774 1313 1910 1360 quidem

1115 1356 1183 1398 est,
1201 1371 1277 1393 eum
1296 1360 1354 1406 qui
1376 1359 1481 1394 credit
1500 1372 1668 1408 nunquam
1681 1361 1909 1403 interiturum,

1114 1405 1168 1442 sed
1188 1408 1206 1441 a
1225 1409 1379 1443 mortein
1403 1410 1504 1443 vitam
1520 1408 1692 1444 transiisse:
1713 1411 1836 1445 nullam
1850 1412 1910 1446 ad-

1117 1455 1226 1490 uersus
1246 1470 1302 1492 eos
1324 1456 1384 1492 effe
1405 1457 1743 1494 condemnationem:
1764 1470 1911 1496 mortem

1115 1504 1193 1552 ipsis
1213 1507 1351 1553 amplius
1363 1519 1431 1540 non
1448 1506 1634 1541 dominari:
1657 1519 1817 1555 quatenus
1832 1508 1913 1543 refi-

1115 1557 1172 1589 det
1196 1556 1230 1589 in
1251 1555 1326 1602 ipsis
1346 1556 1415 1589 Dei
1435 1556 1575 1603 Spiritus
1594 1579 1604 1595 ,
1624 1559 1681 1603 qui
1705 1556 1876 1592 Christum
1893 1558 1913 1594 ὲ

1115 1605 1258 1638 mortuis
1280 1602 1463 1645 suscitatur,
1477 1603 1655 1652 seme'nque
1680 1605 1754 1653 ipsis
1766 1606 1911 1641 immor-

1113 1654 1178 1687 tale
1190 1652 1247 1687 est.
1274 1653 1403 1689 Verum
1426 1677 1437 1693 ‚
1457 1666 1496 1687 ex
1509 1667 1550 1688 eo
1573 1667 1643 1688 non
1663 1653 1810 1702 sequitur
1830 1654 1912 1690 bea-

1115 1702 1316 1741 titudinem,
1339 1714 1437 1749 quam
1457 1703 1666 1750 expetstamus
1688 1727 1699 1744 ‚
1718 1705 1782 1738 iam
1799 1705 1833 1739 in
1843 1717 1911 1739 no—

1115 1750 1166 1784 bis
1186 1751 1362 1786 reuelatam
1382 1750 1465 1790 effe,
1482 1764 1543 1786 nos
1554 1753 1617 1786 iam
1638 1751 1704 1799 ipsa
1714 1751 1798 1792 frui,
1811 1765 1912 1801 atque

1114 1800 1149 1833 in
1168 1798 1368 1834 haereditatis
1397 1799 1516 1834 nostrae
1540 1799 1769 1849 poffeffionem
1790 1801 1824 1836 re
1845 1801 1914 1850 ipsa

1115 1846 1176 1882 effe
1197 1847 1368 1896 ingreffos-
1390 1850 1535 1896 Expedit
1547 1861 1657 1885 autem
1667 1851 1912 1898 Scripturae·lo-

1115 1909 1172 1932 cos
1189 1910 1348 1933 annotare
1360 1921 1369 1937 ,
1390 1898 1512 1946 quibus
1529 1899 1661 1934 rudium
1681 1904 1715 1935 δι
1731 1901 1912 1946 imperito-

1113 1958 1187 1980 rum
1206 1948 1325 1981 oculos
1346 1947 1574 1995 perstringunt
1590 1969 1601 1986 ,
1628 1960 1697 1995 quo
1723 1946 1752 1981 se
1772 1949 1837 1982 iarn
1858 1961 1914 1983 re·-

1113 1993 1277 2030 surrexisse
1297 1997 1442 2030 credant.
1491 1997 1632 2030 Solomo
1654 1996 1688 2030 in
1707 1995 1912 2036 Ecclesiaste,

1114 2044 1156 2079 de
1176 2055 1284 2078 morte
1304 2043 1404 2079 verba
1423 2043 1546 2079 faciens
1567 2068 1577 2084 ,
1596 2045 1641 2079 ait
1662 2043 1816 2091 spiritum
1846 2044 1912 2079 ho-

1113 2093 1213 2128 minis
1234 2093 1340 2128 redire
1364 2093 1404 2127 ad
1425 2095 1539 2128 Deum
1558 2095 1616 2139 qui
1637 2092 1744 2139 ipsum
1770 2094 1904 2129 creauit:

1113 2142 1400 2188 quemadmodum
1413 2155 1531 2189 corpus
1544 2142 1629 2176 redit
1639 2142 1673 2175 in
1686 2152 1805 2177 terram
1820 2166 1830 2182 ,
1845 2154 1910 2177 vn-

1113 2192 1155 2225 de
1173 2192 1339 2239 originem
1369 2193 1468 2237 cepit.
1493 2190 1590 2224 Illinc
1610 2191 1818 2225 concludunt
1840 2189 1909 2239 spi-

1112 2240 1214 2274 ritum
1235 2241 1274 2274 ad
1297 2238 1462 2274 essentiam
1482 2241 1552 2274 Dei
1568 2239 1696 2278 redire,
1720 2238 1816 2287 eique
1832 2241 1910 2275 iun-

1113 2290 1160 2336 gi,
1176 2290 1220 2323 ita
1234 2300 1270 2322 vt
1282 2289 1394 2322 vnicus
1406 2287 1539 2335 spiritus
1552 2289 1759 2323 maneat-Sed
1772 2289 1823 2323 cui
1835 2302 1912 2336 per-

1113 2337 1296 2372 suadebunt
1313 2336 1398 2371 hanc
1418 2336 1598 2371 verborum
1625 2336 1907 2385 significationem

1112 2387 1214 2420 talem
1231 2383 1312 2425 effe,
1330 2387 1474 2421 animam
1499 2384 1621 2420 scilicet
1641 2386 1818 2421 humanam
1833 2411 1844 2427 ,
1868 2388 1910 2423 ad

1111 2436 1225 2470 Deum
1240 2435 1434 2470 redeuntem
1452 2459 1462 2475 ‚
1480 2435 1552 2470 fieri
1572 2436 1685 2476 Deum
1702 2438 1715 2468 ?
1735 2437 1910 2471 Dominus

1112 2484 1248 2531 quidem
1270 2485 1417 2519 moriens
1440 2484 1483 2519 fic
1497 2483 1696 2531 loquebatur
1713 2497 1721 2517 :
1739 2488 1855 2524 Pater,
1873 2486 1907 2519 in
1921 2485 1979 2510 tac.
1994 2480 2037 2519 233

1112 2545 1226 2568 manus
1235 2544 1307 2569 tuas
1321 2534 1525 2569 commendo
1537 2533 1685 2581 spiritum
1698 2545 1822 2569 meum·
1834 2536 1908 2568 Ste-
1922 2524 1962 2552 ⁴⁶

1112 2583 1238 2629 pharius
1256 2584 1354 2616 etiam
1370 2582 1468 2617 simili
1496 2582 1651 2618 oratione
1672 2583 1786 2616 Deum
1807 2594 1906 2630 roga-
1918 2604 1949 2638 58

1113 2633 1161 2666 uit
1173 2646 1190 2678 :-
1201 2633 1355 2667 Domine
1366 2631 1437 2666 Iesu
1449 2656 1461 2672 ,
1475 2630 1597 2680 suscipe
1615 2629 1767 2678 spiritum
1780 2644 1905 2667 meum.

1113 2681 1176 2717 Sed
1187 2680 1316 2716 tantum
1336 2680 1426 2716 abest
1436 2693 1470 2716 vt
1487 2682 1555 2716 loci
1565 2681 1616 2717 isti
1626 2692 1743 2714 eorum
1757 2692 1906 2716 errorem

1114 2731 1230 2764 iuuent
1241 2753 1251 2769 ‚
1275 2742 1310 2764 vt
1322 2731 1420 2765 etiam
1435 2731 1473 2765 ad
1490 2743 1565 2765 euru
1579 2729 1678 2777 plane
1696 2730 1909 2764 conuincen-

1114 2780 1193 2814 dum
1212 2779 1345 2814 abunde
1363 2776 1543 2814 sufficiant:
1566 2777 1792 2814 demonstrant
1814 2780 1908 2814 enim

1113 2827 1225 2876 aperte
1243 2852 1254 2868 ‚
1276 2829 1391 2863 Deum
1411 2829 1536 2863 animas
1553 2825 1688 2862 'nostras
1710 2827 1744 2860 in
1768 2828 1907 2861 tutelam

1113 2876 1202 2912 suam
1221 2879 1366 2924 recipere
1382 2900 1392 2916 ,
1413 2889 1450 2912 ac
1471 2876 1660 2912 conseruare
1681 2874 1782 2922 vsque
1805 2877 1845 2911 ad
1870 2875 1907 2911 id

1114 2937 1264 2974 tempus,
1276 2938 1344 2974 quo
1356 2925 1420 2960 suis
1433 2925 1630 2974 corporibus
1642 2925 1903 2972 coniungentur.

1113 2976 1147 3011 Si
1159 2987 1319 3023 quaeratur
1337 2975 1440 3022 qualis
1461 2975 1499 3010 sit
1512 2976 1644 3010 interim
1665 2986 1781 3008 eorum
1802 2973 1904 3008 status

1113 3029 1147 3062 &
1167 3024 1340 3062 conditio,
1359 3021 1433 3059 satis
1454 3024 1638 3059 ostenditur
1656 3023 1727 3057 aliis
1752 3022 1786 3056 in
1807 3023 1905 3063 locis,

1115 3076 1161 3109 eis
1173 3074 1328 3120 gaudium
1341 3077 1374 3110 &
1385 3073 1646 3108 consolationem
1658 3069 1778 3110 afferri,
1793 3075 1826 3107 δε
1836 3072 1904 3107 mi-

1114 3120 1204 3158 seriis
1221 3122 1373 3158 liberatas
1387 3147 1397 3163 ,
1420 3122 1519 3157 bonis
1530 3120 1689 3156 omnibus
1711 3119 1824 3154 &Deo
1845 3134 1904 3155 ex·-

1113 3173 1208 3220 pleri.
1227 3172 1279 3207 En
1291 3171 1384 3219 quod
1397 3171 1517 3220 {perstat
1533 3170 1572 3205 ad
1592 3170 1728 3204 animas.
1749 3170 1852 3204 Nunc
1863 3169 1906 3204 de

1115 3220 1313 3269 corporibus
1325 3222 1511 3268 loquamur.
1531 3219 1647 3254 Paulus
1659 3218 1837 3266 magnifice
1846 3231 1902 3253 ex·
1915 3210 2026 3249 ΕΡῘΜ-

1116 3272 1233 3305 tollere
1245 3271 1362 3304 volens
1373 3271 1583 3318 gratias‚quas
1595 3280 1652 3315 per
1666 3267 1838 3302 Christum
1849 3275 1902 3302 re·
1913 3261 1948 3287 ¹9

1115 3320 1257 3367 cipimus
1266 3342 1277 3362 ,
1288 3319 1334 3354 ait
1345 3332 1355 3354 z
1366 3331 1428 3354 nos
1440 3318 1636 3356 domesticos
1653 3315 1713 3352 effe
1723 3316 1792 3353 Dei
1803 3327 1904 3377 atque

1838 3376 1904 3400 vna

1918 1186 2027 1224 mcor-,15

1920 2560 2035 2600 adelo-7¹
