2113 3674
673 178 709 213 D
728 176 759 212 E

153 238 385 287 VVcstphalus
401 234 530 277 noster,
554 238 612 284 qui
633 236 727 270 breui
747 234 950 281 compendio

154 290 313 324 omnibus
327 288 355 323 se
364 285 625 333 disputationum
640 284 798 319 molestiis
819 283 948 337 lib-erat,

155 352 198 374 nc
214 351 311 386 quam
329 335 373 370 sui
386 337 535 370 tomenti
548 334 781 369 absurditatem
795 330 839 366 fas
853 334 947 366 sitat-

155 386 397 435 tingere.Clara
409 384 468 419 else
479 383 819 421 obteditve1ba,Hoc
832 381 877 416 est
892 393 949 437 cor

154 449 214 483 pus
225 445 344 471 meum.
366 438 420 469 An
435 434 571 467 clariora
587 433 768 466 innumeris
787 431 947 477 lociS,qui

153 487 232 520 Deo
244 484 354 532 pedm,
366 494 492 521 manus,
504 483 634 522 oculos,
646 492 734 515 aures
744 478 944 514 attribuunt?

150 536 274 570 Veniat
288 535 351 566 nuc
366 529 716 578 Anthropoinorphita
727 526 945 576 quispiz'1,per-

151 585 305 618 uicacitet
319 583 394 616 Deci
408 592 603 627 corporeum
619 577 782 613 afferatxne
794 580 868 624 quis
883 579 944 611 εὸ-

153 633 204 668 ῑῐῖι
215 631 334 667 hiscere
344 629 434 668 ausit,
446 628 596 663 scutetias
609 628 725 674 vndiq3
739 626 892 661 colleehs
904 626 943 661 ad

154 681 330 729 probindt'i
339 679 404 721 Dei
417 690 534 725 corpus
544 673 886 725 ingerat:vociferetur
896 676 942 730 ni.-

153 731 200 765 hil
211 729 271 764 esse
283 729 436 775 perplcxfi
450 728 481 761 in
495 726 543 760 his
557 725 786 764 verbis‚0culi
799 725 942 758 Domini

153 778 492 815 viderunt‚D01ninus
502 778 601 809 mansi
613 773 696 808 suam
705 773 832 812 extulit,
841 771 941 807 Asce-

152 828 201 863 dit
213 828 337 862 clamor
345 826 383 860 ad
396 837 485 859 aures
499 825 645 859 Domini
658 823 871 857 exercituum.
886 825 941 856 An

149 888 212 912 nos
223 876 280 912 ista
290 875 422 922 cogerie
432 873 571 907 obrutos
584 884 688 907 tacere
701 870 893 910 conueniet,
906 881 941 906 vt

151 924 283 961 fanatici
294 923 443 958 homines
456 922 602 969 spiritum
614 923 647 955 in
660 931 778 968 corpus
792 923 938 954 mutent?

151 974 253 1010 Certe
265 985 322 1008 nec
335 971 445 1007 minus
465 970 644 1005 tolerabilis
666 969 711 1003 est
732 981 821 1003 error
831 993 840 1009 ,
861 969 939 1003 Deo

151 1021 493 1070 corpusinduere‚qu5
502 1031 619 1065 corpus
631 1017 753 1053 Christi
765 1030 878 1053 exuere
890 1016 940 1053 sua

155 1082 342 1107 naturaznec
354 1069 462 1104 minus
473 1067 650 1115 plausibilis
662 1078 713 1102 tot
725 1065 938 1101 testimonio-

155 1124 195 1156 rt'i
205 1119 340 1154 obtetus
351 1117 483 1156 erit‚vbi
494 1118 586 1152 Deus
599 1115 655 1150 sub
666 1128 823 1163 corporea
835 1115 940 1160 figura

155 1169 187 1204 se
198 1169 369 1216 proponit.
378 1169 493 1213 Itaque
507 1165 613 1200 nihilo
626 1167 695 1212 plus
706 1165 826 1199 coloris
840 1164 939 1200 habet

152 1217 289 1252 verbosa
301 1218 334 1250 in
347 1216 405 1251 hac
415 1226 503 1263 parte
517 1213 720 1262 VVestphali
731 1214 940 1262 ia&.'1tia,qu5

151 1266 176 1302 fi
188 1264 534 1312 Anthropomorphita
544 1264 866 1310 queraturScripture
879 1262 939 1297 esse

151 1315 338 1351 incredulos
351 1337 360 1352 ,
375 1314 534 1361 quicunq3
551 1314 661 1347 Deum
672 1324 869 1359 corporeum
880 1310 939 1347 esse

151 1366 198 1400 115
209 1363 516 1411 putant.Miuaciter
528 1374 588 1396 nos
599 1360 862 1409 obiurgat,quod
875 1373 939 1394 no-

151 1413 205 1448 bis
216 1424 356 1460 quaerere
368 1411 590 1458 permittimus
611 1411 787 1456 quomodo
805 1411 892 1444 inter
908 1409 939 1445 se

151 1464 328 1498 coucniant
340 1462 503 1507 scripture
515 1457 828 1498 oracula,Christun1
839 1457 895 1493 suo
904 1459 939 1494 in

150 1512 272 1548 coelum
283 1507 410 1545 ascensu
420 1510 523 1543 locale
535 1509 684 1555 corporis
695 1505 739 1542 sui
749 1506 941 1556 presentiam

149 1559 249 1594 nobis
261 1556 434 1597 abstulisse,
448 1568 483 1591 vt
494 1558 557 1592 iam
574 1558 607 1591 in
621 1568 703 1591 terra
715 1569 783 1590 non
797 1556 938 1597 habitet,

149 1613 182 1646 &
194 1619 301 1643 tamen
313 1606 387 1642 vere
399 1608 432 1642 in
445 1608 552 1642 Coena
563 1603 673 1640 offerri
685 1617 802 1653 corpus
817 1608 885 1641 eius
896 1605 938 1641 fi-

151 1657 289 1692 delibus·
299 1657 331 1691 Si
342 1657 413 1704 quis
427 1667 571 1690 mentem
581 1655 716 1694 attedat,
726 1667 786 1689 nec
798 1654 850 1689 sua
860 1668 938 1690 mo-

149 1705 282 1741 rositate
295 1706 345 1740 vel
357 1705 670 1752 pertinacisianuam
684 1704 851 1751 precludat
863 1717 938 1752 vere

147 1755 378 1802 intelligentiae
397 1777 406 1791 ‚
434 1752 536 1788 facilis
567 1754 710 1788 occurrit
731 1754 936 1794 conciliatio,

146 1803 316 1839 Christum
335 1800 627 1849 incoprehensibili
647 1802 785 1848 Spiritus
801 1800 846 1837 sui
869 1803 937 1837 vir-

145 1862 217 1887 tute
230 1851 360 1898 optime
372 1853 463 1886 vnire
473 1863 522 1885 res
534 1851 609 1885 loco
621 1851 827 1891 disiustas,vt
843 1864 938 1886 carne

147 1902 273 1936 animas
285 1899 408 1935 nostras
422 1898 525 1947 pascat
534 1922 542 1938 ,
555 1901 669 1947 quiuis
680 1912 740 1935 nec
751 1900 872 1935 coelum
883 1913 936 1936 re-

147 1949 276 1998 linquat
287 1951 354 1984 eius
366 1961 441 1982 caro
455 1972 465 1988 ,
478 1953 509 1984 δι
523 1960 583 1982 nos
593 1948 685 1996 super
698 1960 815 1984 terram
825 1961 936 1996 repte-

147 2010 231 2032 mus.
265 1999 333 2033 Hic
344 1997 577 2045 VVestphalus
591 1996 699 2031 nescio
720 2011 788 2043 quo
803 1999 936 2033 turbine

150 2057 318 2094 correptus
329 2049 362 2082 in
376 2059 437 2081 nos
449 2046 615 2081 inuehitur
626 2069 635 2085 ,
648 2045 714 2080 fide
726 2047 861 2083 Christo
874 2047 934 2083 ha—

149 2093 230 2129 bere
241 2097 350 2141 negas,
363 2094 386 2128 si
397 2094 494 2130 nobis
504 2096 647 2142 quaerere
661 2098 884 2142 permittimus
894 2109 935 2132 an

149 2141 169 2178 ὲ
181 2142 304 2178 coelesti
315 2141 396 2177 solio
405 2143 601 2182 ,detrahedus
612 2142 649 2178 sit
663 2144 826 2183 Christus,
841 2157 874 2180 vt
886 2147 933 2181 ia-

148 2203 221 2227 ceat
231 2189 437 2235 inclusus‘sub
449 2192 540 2238 panis
552 2190 687 2226 frustulo
699 2217 708 2233 ‚
721 2192 743 2227 si
754 2194 934 2230 obiicimus

148 2241 234 2287 pane
247 2252 314 2275 non
327 2237 386 2274 esse
397 2239 529 2286 proprie
541 2251 657 2287 corpus
672 2263 681 2277 >
692 2243 772 2287 quin
780 2242 933 2278 ,Christus

149 2287 299 2337 peraeque
312 2287 367 2323 fiat
378 2291 470 2335 panis
482 2299 549 2333 atq3
560 2287 664 2322 homo
675 2287 776 2323 faetus
787 2290 843 2325 est.
870 2292 933 2326 Fa-

148 2348 224 2373 teor
235 2337 336 2384 quide
346 2334 434 2371 nefas
445 2334 505 2371 esse
515 2337 581 2371 Dei
595 2335 828 2384 mysteria‚quae
837 2342 934 2386 captfi

149 2388 291 2422 rationis
305 2385 419 2429 nostrae
432 2384 724 2433 superanncuriose
736 2386 935 2423 scrutarizsed

150 2435 238 2471 inter
249 2434 423 2482 questionu
434 2446 551 2482 genera
562 2433 737 2480 prudenter
748 2434 914 2483 distingue
926 2457 933 2463 -

152 2484 234 2520 dum
243 2482 438 2528 est.ijus
450 2483 535 2518 enim
545 2482 736 2528 labyrinthis
745 2483 935 2530 implicabi-

152 2531 264 2572 mur‚si
278 2532 430 2579 negltho
442 2531 642 2567 absurditati}
656 2530 799 2581 respeQu
811 2555 822 2571 ‚
835 2533 935 2579 quid-

151 2582 202 2617 uis
211 2579 300 2629 absq3
309 2581 436 2615 delean
446 2581 727 2627 arripimus?Nota
735 2580 779 2616 est
791 2592 936 2617 veterum

148 2632 294 2679 alegoria
301 2629 341 2664 de
352 2629 458 2667 nitidis
468 2629 674 2669 animalibus,
690 2630 810 2676 requiri
820 2641 854 2664 vt
867 2630 934 2665 sin-

149 2679 229 2714 dant
239 2677 535 2726 vngulastquiauifi
546 2690 606 2712 nos
619 2677 769 2715 diseretio
783 2678 860 2714 fidei
871 2692 933 2727 gu-

149 2726 268 2763 bernet
278 2752 288 2767 ,
305 2724 562 2763 stulta.facilitate
574 2726 728 2774 quaelibet
741 2727 933 2764 deliriorum

148 2779 281 2824 porteta
295 2775 351 2811 sub
362 2775 553 2812 humilitatis
574 2787 728 2822 praetextu
738 2775 932 2812 hauriemus.

148 2825 263 2862 Restat
284 2837 363 2872 ergo
376 2825 584 2860 vtexcutiant
595 2824 733 2860 Ιεᾶοτες
746 2848 756 2865 ,
778 2837 857 2872 quas
868 2837 935 2861 tam

147 2873 257 2920 aspere
278 2872 513 2920 VVestphalus
534 2872 929 2920 quaestionesproscindit.

148 2923 302 2958 Monitos
313 2924 435 2957 interea
446 2921 639 2968 v010‚quam
649 2922 792 2968 tyranice
805 2922 937 2958 filentifi

147 2971 250 3008 nobis
266 2973 441 3019 imperent,
452 2970 572 3018 quibus
586 2969 755 3020 inquisitio
767 2969 936 3018 plusquam

149 3020 332 3060 necessaria,
346 3019 512 3056 curiositas
524 3018 854 3064 estblaiphemiarurn
865 3033 938 3055 rna-

150 3079 211 3104 ter.
231 3071 321 3104 Nam
333 3067 424 3115 quod
438 3068 526 3102 malo
538 3068 702 3114 principio
713 3080 773 3102 nos
783 3068 938 3116 occupari

151 3117 244 3156 dicit,
262 3119 338 3166 quia
350 3116 474 3152 Christi
490 3116 596 3150 verbis
610 3129 678 3150 non
692 3117 866 3156 credimus,
884 3118 938 3152 ni—

151 3165 215 3199 mis
223 3165 346 3213 stupori
359 3166 414 3200 suo
427 3165 596 3210 indulget:
613 3166 689 3210 quia
702 3178 738 3198 ex
750 3165 816 3200 fide
827 3168 938 3212 potius

150 3214 257 3248 oritur
267 3217 332 3250 haec
343 3214 509 3261 quaerendi
521 3213 668 3248 sedulitas
685 3239 692 3247 .
706 3214 794 3249 Cum
807 3212 937 3249 fabulo-

152 3260 222 3298 sum
230 3262 384 3300 ducerent
398 3263 605 3312 Capernaitae
615 3263 706 3311 quod
718 3275 756 3299 ex
763 3275 821 3299 ote
833 3263 951 3302 Chri-.

829 177 1283 215 SACRAMENT.

1725 199 1790 234 905

999 234 1039 269 sti
1054 237 1245 277 audierant,
1259 237 1376 274 scimus
1395 251 1453 287 per
1464 239 1645 278 ludibrium
1667 245 1792 293 rogasse

999 287 1177 330 quomodo
1189 299 1320 322 carnem
1334 286 1419 323 suam
1434 289 1536 336 posset
1556 291 1630 325 dare
1652 294 1791 327 edendi.

997 333 1072 367 Nec
1086 335 1166 369 vero
1180 337 1283 384 magis
1295 337 1506 374 incredulitas
1519 363 1526 377 ‚
1542 340 1640 386 quam
1655 341 1749 376 crafla
1761 345 1793 376 'r-

996 383 1179 430 maginatio
1193 385 1233 418 ad
1245 385 1471 433 obstreperum
1485 389 1564 422 illud
1577 402 1724 424 murmur
1735 400 1792 425 eos

996 432 1141 479 impulit.
1169 433 1375 479 Impoffibile
1393 437 1542 471 iudicant
1561 438 1655 484 quod
1677 452 1792 475 <orum

994 479 1098 515 sensus
1112 493 1179 515 non
1193 483 1292 527 capit.
1322 485 1382 518 Sed
1394 486 1482 520 vnde
1495 487 1542 525 id,
1557 486 1615 521 nisi
1630 490 1706 534 quia
1719 502 1792 523 car-

994 541 1066 563 nem
1078 527 1202 564 Christi
1217 530 1276 565 fibi
1292 532 1324 565 in
1338 532 1531 569 alimentum
1546 547 1612 569 non
1627 536 1698 571 fore
1709 537 1792 572 stul-

993 577 1025 613 te
1037 576 1191 626 fingunt,
1205 578 1263 613 nisi
1276 582 1398 627 vulgari
1422 595 1514 617 more
1535 584 1649 620 edatur
1669 589 1681 620 ?
1711 587 1787 630 Nos

991 628 1066 674 quia
1079 639 1265 662 reuerenter
1276 631 1507 676 ampleffimur
1524 635 1542 667 (
1556 632 1648 669 bristi
1673 635 1784 676 verba,-

991 674 1150 724 certoque
1163 676 1299 723 persuasi
1312 677 1504 718 sumus,non
1520 679 1692 718 frustrandi
1706 694 1785 719 cau-

994 723 1023 759 sa
1038 737 1154 772 corpus
1166 723 1254 759 suum
1267 738 1491 775 vocarequem
1505 730 1539 763 in
1553 732 1658 766 Coena
1672 745 1790 779 panem

996 772 1162 821 discipulis
1174 776 1327 822 porrigit,
1343 778 1482 811 modum
1496 782 1684 825 quaerimus,
1697 784 1753 829 qui
1767 784 1786 818 ὲ

990 821 1070 856 fidei
1083 824 1191 871 regula
1203 826 1248 858 nt')
1261 823 1594 872 discrepet.Curiosas
1612 841 1691 878 ergo
1703 841 1788 879 que-

989 870 1110 906 stiones
1124 871 1333 912 macerando,
1355 874 1438 909 nihil
1453 877 1495 911 ad>
1513 889 1574 911 nos
1596 883 1786 924 grauandos

989 920 1142 968 proficiet
1152 922 1381 968 VVestphalus
1396 948 1404 962 ,
1425 936 1510 972 quos
1529 926 1698 962 manifesta
1723 942 1787 964 ne-

989 968 1112 1005 cessitas
1123 972 1235 1018 cogit,
1260 973 1364 1018 qualis
1385 971 1534 1009 sitnobis
1556 987 1631 1010 cum
1655 977 1785 1014 Christi

988 1031 1082 1053 carne
1092 1017 1287 1067 &sanguine
1300 1024 1508 1069 participatio
1518 1023 1662 1060 dilucide
1673 1038 1779 1073 expo-

988 1080 1078 1108 nere,
1091 1068 1149 1103 nisi
1161 1068 1262 1104 bruto
1275 1072 1385 1104 nostro
1398 1071 1530 1119 stupore
1542 1084 1633 1108 terrae
1644 1075 1781 1111 miscere

989 1117 1107 1152 coelum
1118 1119 1267 1153 velimus.
1297 1119 1386 1154 Nam
1409 1120 1502 1167 quod
1526 1123 1685 1158 Attianos
1707 1138 1782 1160 me-

987 1178 1093 1201 morat
1107 1167 1141 1200 in
1154 1165 1325 1202 horredam
1336 1167 1573 1216 blasphemiam
1597 1172 1780 1220 prolapsos,

986 1215 1064 1261 quia
1075 1213 1272 1251 ineffabilem
1287 1217 1358 1262 Filij
1380 1219 1447 1253 Dei
1471 1222 1720 1267 generationem
1744 1236 1785 1258 eis

989 1262 1197 1312 philosophia
1209 1265 1450 1313 inuestigabant
1463 1292 1473 1307 ,
1492 1269 1571 1315 quid
1585 1269 1723 1305 obsecro
1738 1271 1796 1306 (ιε’

988 1313 1096 1348 mile?
1123 1315 1211 1351 Nam
1231 1326 1335 1362 quum
1362 1327 1515 1352 aeternam
1537 1318 1662 1354 Christi
1677 1318 1782 1355 essen-

989 1363 1067 1397 tiam
1079 1375 1116 1398 ex
1126 1360 1266 1410 profeflo
1278 1363 1449 1400 detrahere
1457 1366 1782 1408 statutum-esset‚va-

986 1411 1041 1446 riis
1054 1413 1177 1447 canillis
1189 1412 1319 1448 eludere
1333 1424 1500 1450 tentarunt
1514 1428 1718 1465 quaecunque
1729 1420 1782 1454 v'i-

987 1460 1110 1496 debant
1133 1462 1167 1496 in
1187 1463 1383 1498 contrariam
1407 1475 1531 1511 partem
1554 1464 1670 1502 facere.
1706 1469 1783 1504 Nos

986 1508 1107 1557 absque
1118 1511 1181 1545 vlla
1195 1509 1311 1553 astutia
1323 1536 1333 1553 ,
1346 1512 1465 1560 absque
1484 1512 1562 1549 fuco
1573 1515 1614 1550 sic
1638 1515 1785 1553 fatemur

987 1557 1156 1593 Christum
1169 1559 1202 1594 in
1214 1561 1321 1596 Coena
1334 1562 1479 1609 praestare
1489 1565 1581 1611 quod
1596 1564 1730 1612 figurat,
1748 1575 1784 1602 vt'

987 1608 1054 1641 eius
1065 1607 1164 1643 verba
1176 1609 1418 1657 Metonymiam
1440 1613 1638 1647 contineant
1651 1638 1659 1653 ,
1676 1617 1783 1662 qualis

987 1655 1020 1690 in
1033 1656 1190 1692 omnibus
1205 1660 1469 1706 Scripturaelocis
1491 1660 1603 1711 paffim
1625 1665 1798 1704 occurrit,

987 1703 1094 1741 vbide
1104 1708 1320 1743 Sacramentis
1329 1707 1434 1743 sermo
1446 1709 1665 1746 est.Dicimus
1679 1711 1782 1747 sacra-

985 1755 1161 1790 mentalem
1175 1755 1236 1791 effe
1246 1756 1407 1805 loquendi
1419 1756 1559 1793 formam
1573 1783 1583 1800 ‚
1609 1761 1666 1795 vbi
1679 1763 1725 1796 rei
1740 1761 1784 1797 si·

986 1813 1093 1850 gnatae
1103 1816 1228 1840 nomen
1243 1806 1283 1841 ad
1295 1805 1420 1854 signum
1433 1806 1635 1844 transfertur.
1653 1810 1690 1845 Id
1708 1812 1782 1858 pla-

986 1864 1064 1887 num
1078 1852 1215 1888 facimus
1227 1867 1296 1890 non
1309 1867 1378 1890 vno
1391 1858 1442 1890 vel
1453 1858 1554 1891 altero
1568 1857 1790 1902 testimonio,-

984 1899 1037 1935 sed
1052 1914 1089 1937 ex
1108 1912 1262 1950 perpetua
1282 1906 1455 1950 Scripturae
1476 1906 1627 1941 doetrina
1649 1911 1779 1945 euinci-
1795 1920 1798 1922 ’

984 1960 1057 1986 mus
1076 1963 1136 1998 pro
1158 1952 1283 1999 vulgari
1312 1954 1477 1988 axiomate
1497 1953 1685 1992 habendum
1715 1957 1777 1993 esse

983 1999 1199 2034 mediocriter
1208 2002 1243 2034 in
1256 2002 1422 2049 Scriptura
1433 2005 1738 2056 exercitatis.Qod
1754 2006 1777 2042 si

983 2047 1068 2083 mihi
1079 2047 1211 2084 haereses
1224 2061 1416 2086 coaceruare
1428 2052 1542 2093 libeat,
1558 2065 1637 2101 quas
1651 2057 1779 2091 inuexit

983 2108 1118 2144 preceps
1142 2096 1310 2138 socordia,
1335 2111 1444 2147 quam.
1455 2100 1534 2136 fidei
1571 2104 1685 2138 ditem
1695 2106 1780 2140 icem

982 2145 1213 2193 VVestphalus
1225 2146 1381 2194 praeficit,
1401 2150 1533 2197 quanto
1552 2151 1686 2187 vberior
1700 2151 1776 2202 sup—

981 2206 1072 2242 petet
1082 2195 1216 2230 dicendi
1228 2195 1312 2243 sylua
1328 2198 1342 2230 ?
1359 2199 1432 2240 'Sed
1443 2212 1486 2234 ne
1498 2200 1634 2250 longius
1651 2202 1780 2243 abeam,

981 2244 1142 2279 Arrianos
1158 2244 1192 2278 in
1213 2246 1280 2279 eius
1293 2256 1389 2293 caput
1401 2257 1581 2296 retorqueo
1592 2272 1602 2290 ,
1627 2250 1644 2285 ὲ
1658 2251 1780 2298 quibus

982 2292 1102 2326 eodem
1117 2293 1306 2340 errore'quo
1318 2293 1444 2331 Christi
1457 2309 1576 2345 corpus
1589 2311 1645 2345 per
1657 2302 1777 2334 coelum

982 2345 1145 2376 &terram
1159 2342 1338 2378 extendens
1346 2343 1479 2385 lacerat,
1493 2345 1598 2381 euersa
1611 2346 1673 2381 fuit
1688 2343 1775 2382 eius-

983 2388 1060 2423 dem
1082 2389 1237 2424 maiestas.
1257 2392 1328 2427 Cur
1346 2394 1434 2428 enim
1456 2395 1520 2429 illis
1542 2394 1603 2429 fuit
1626 2395 1778 2431 Christus

982 2439 1077 2471 Patre
1088 2438 1218 2478 minor,
1231 2438 1290 2474 nisi
1303 2440 1554 2488 quiafastidiose
1573 2444 1692 2478 rcieeta
1714 2445 1777 2480 fuit
1791 2466 1794 2469 -

982 2485 1117 2520 Diuinae
1129 2498 1246 2522 naturae
1259 2487 1299 2524 ab
1312 2489 1449 2524 humana
1459 2490 1645 2526 distinctio?
1658 2493 1784 2529 Verbo

983 2535 1073 2568 enim
1089 2535 1146 2569 illo
1155 2538 1378 2576 armati,Pater
1391 2541 1496 2573 maior
1507 2552 1561 2574 me
1573 2539 1631 2581 est,
1645 2539 1774 2578 sacrile-

983 2592 1057 2630 gam
1071 2581 1199 2619 summo
1210 2586 1287 2621 Deo
1299 2588 1452 2622 iniuriam
1474 2587 1546 2622 fieri
1567 2589 1777 2635 quiritaban-
1794 2618 1796 2620 >

983 2631 1074 2672 tui-,fi
1088 2632 1122 2669 in
1133 2634 1268 2681 gradum
1277 2638 1398 2684 aequalt}
1411 2636 1563 2671 admissus
1577 2638 1652 2674 effet
1665 2639 1771 2676 Chri·
1793 2666 1795 2668 -

982 2678 1059 2718 stus.
1080 2681 1239 2729 Expedita
1249 2695 1315 2719 erat:
1328 2685 1442 2719 sanetis
1454 2685 1606 2721 Patribus
1619 2691 1704 2723 ratio
1717 2713 1728 2730 ,
1751 2689 1785 2724 ss

983 2729 1089 2764 modo
1101 2730 1257 2767 audissent
1269 2732 1436 2768 Christum
1446 2733 1479 2767 in
1490 2734 1689 2772 Mediatoris
1700 2735 1793 2785 per-¹

983 2776 1060 2813 sona
1073 2779 1176 2827 loqui.
1209 2781 1253 2816 Et
1264 2781 1367 2817 verbo
1390 2781 1525 2828 quidem
1539 2783 1720 2832 superiores
1736 2798 1774 2822 e-

983 2837 1056 2861 rant
1065 2851 1075 2867 ,
1089 2828 1139 2864 sed
1153 2829 1244 2876 quod
1255 2831 1432 2865 immundo
1443 2830 1549 2866 rostro
1563 2837 1698 2882 perpera
1709 2835 1778 2870 ob-

981 2875 1112 2912 trudere
1122 2879 1207 2922 nulla
1217 2879 1334 2926 religio
1347 2885 1424 2913 erat·
1472 2881 1505 2914 Si
1523 2883 1673 2918 nondum
1695 2884 1726 2920 se
1741 2897 1793 2919 aa*

984 2923 1113 2971 gnoscit
1125 2927 1355 2974 VVestphalus
1367 2950 1378 2967 ‚
1400 2926 1568 2973 speculum
1583 2930 1693 2967 saltem
1714 2933 1777 2968 ha-

984 2972 1065 3008 bent
1083 2974 1221 3010 lestores
1232 2999 1242 3014 ‚
1262 2978 1295 3011 in
1308 2977 1499 3022 quo-vinam
1511 2979 1578 3014 eius
1591 2982 1772 3030 imaginem
1788 2980 1793 3009 ἱ

985 3020 1200 3070 conspiciant.
1229 3024 1392 3060 Caeterum
1412 3038 1524 3074 ¹neque
1545 3040 1697 3076 portenta
1718 3040 1776 3065 ex-

985 3071 1170 3119 cogitamus
1207 3097 1217 3113 ,
1245 3073 1325 3108 dum
1360 3074 1523 3111 rationem
1557 3078 1772 3118 ostendimus,
1785 3097 1787 3101 ·

984 3131 1049 3167 qua
1070 3119 1100 3156 se
1121 3121 1546 3175 expedianqgiaemenies:
1573 3139 1681 3173 neque
1703 3128 1795 3169 aliis,

985 3168 1184 3216 imputamus
1193 3180 1265 3217 quae
1275 3169 1366 3204 domi
1375 3171 1495 3207 nostrae
1507 3184 1580 3208 nata
1594 3173 1663 3210 sunt
1675 3199 1686 3214 ,
1700 3175 1793 3211 dum.-

985 3218 1090 3264 prauis
1102 3218 1302 3255 comment-is
1319 3222 1540 3259 occurrimus,
1556 3234 1626 3268 quae
1646 3222 1710 3258 sine
1723 3226 1787 3259 iu-”

985 3263 1075 3304 dicio
1084 3266 1223 3305 sorbeda
1237 3266 1471 3354 VVestphalg
1484 3270 1582 3305 nobis
1607 3273 1775 3320 propinat,

1386 3318 1419 3353 G
1480 3330 1542 3366 gg.
1595 3319 1641 3365 iij.
