2113 3674
527 145 898 182 ADVERSVS
958 144 1405 180 LIBERTINOS.

148 225 256 249 annos
269 212 382 247 decem
395 208 626 244 illu-mvidiss'e.
652 210 751 242 Tunc
768 209 812 241 illi
833 206 938 241 socie-

150 275 216 298 tate
237 260 433 297 coniunctus
445 269 512 293 erat
526 258 658 304 quidam
680 280 690 296 ,
710 257 846 290 nomine
856 258 936 290 Ber-

150 308 454 357 tranduszquidam
481 308 497 341 ὰ
519 306 730 344 Moletrinis,
754 307 810 351 qui
833 317 937 351 nuper

148 370 204 395 aut
226 361 320 394 Dens
332 367 385 391 aut
406 353 600 389 nihilfac‘tus
615 354 679 391 cst,
703 366 740 388 cx
761 366 876 387 corum
896 365 937 386 o-

149 409 290 456 pinione
307 406 361 440 :id
373 403 439 443 est,
464 402 618 437 excessit&
640 403 716 436 vita.
760 402 835 449 Ego
858 401 937 436 vero

149 469 219 492 non
236 454 338 489 solum
350 452 435 500 ipsos
446 454 571 495 nollem
593 450 673 486 falso
685 451 850 485 criminari
863 473 873 489 ‚
886 449 938 484 sed

150 505 250 552 siquis
279 503 311 537 id
330 501 449 537 faceret
472 524 482 539 ‚
506 513 564 548 pro
579 499 704 534 viribus
727 500 936 546 impedirem.

149 555 282 588 Tamen
314 548 606 590 diffimularchnon
629 546 755 595 polium
781 548 874 594 quod
901 559 940 581 ex

151 599 349 648 Stephano}
373 597 507 632 Fabrica
520 598 664 632 intellexi
685 603 696 637 (
715 597 804 631 cuius
825 607 939 630 recor-

151 652 264 687 datio,
280 659 314 683 vt
335 645 435 681 saneti
459 645 584 680 Christi
604 646 750 691 martyris
770 668 780 683 ‚
797 645 882 678 inter
895 643 939 678 fi-

152 700 238 734 deles
257 696 362 731 santstti
381 693 440 730 esse
452 694 574 734 debet)
600 692 809 740 nempeistos
824 693 936 740 potius

151 747 197 781 ob
217 743 396 783 maleficia,
419 743 517 791 quam
528 742 574 777 ob
597 740 734 778 verbum
750 743 837 781 Dei,
851 742 867 776 ὲ
880 753 940 788 pa-

151 796 213 830 tria
232 791 431 841 suaegressos
451 790 522 826 esse.
553 792 710 838 intelligo
731 792 851 830 etiam,
872 802 938 824 ter—

152 844 240 880 tium
261 841 438 890 quemdam
469 840 608 874 nominc
636 839 837 873 claudinum
860 842 940 873 Per-

151 892 293 928 seualum
321 890 371 925 his
391 889 583 924 adiuntfftum
613 887 716 922 fuisse.
753 889 801 922 Hi
823 899 940 921 omnes

151 952 219 977 tam
235 941 401 987 egregiam
419 950 552 985 operam
575 948 732 972 nauarunt
746 960 756 975 ,
768 948 803 971 vt
823 949 940 983 quam-

150 991 313 1039 plurimos
333 988 539 1034 corruperint
559 986 594 1020 in
617 986 774 1019 Francia:
798 985 882 1019 adeo
906 991 942 1019 vt

151 1039 245 1074 nullo
265 1036 445 1071 habitarint
466 1035 501 1069 in
522 1035 599 1069 loco
621 1058 631 1074 ,
652 1046 750 1081 quem
771 1046 890 1081 purum
910 1039 953 1069 δι’

150 1089 321 1136 integrum
351 1085 480 1119 abhac
508 1084 709 1130 contagione
736 1083 941 1129 reliquerint.

153 1139 355 1184 anuam
370 1133 504 1168 interim
525 1131 614 1166 idem
632 1143 726 1178 agere
745 1131 943 1166 &moliriin

150 1186 255 1232 patria
267 1182 318 1217 sua
329 1194 397 1215 non
418 1179 572 1216 desierint
591 1203 601 1217 ‚
622 1191 657 1214 vt
676 1178 892 1225 simpliciores
911 1183 943 1214 &

152 1234 276 1268 idiotas
288 1241 436 1276 autquos
457 1228 684 1275 reperiebant,
706 1229 745 1261 ad
765 1227 809 1262 sui
831 1228 943 1261 imita-

151 1282 281 1316 tionem
303 1277 470 1326 appositos
487 1300 496 1315 ,
516 1277 715 1311 seducerent.
748 1277 786 1310 ln
809 1288 876 1323 quo
900 1276 946 1310 ita

152 1327 384 1378 profecerunt,
408 1339 443 1362 vt
463 1325 624 1360 horribile
647 1325 759 1359 auditu
771 1323 828 1364 sit,
843 1324 943 1371 quam

154 1376 277 1414 infecta
300 1375 362 1411 sint
384 1376 450 1410 illic
470 1376 594 1409 omnia.
623 1374 768 1412 Verum,
789 1372 879 1420 quod
901 1385 944 1406 o-

155 1426 302 1462 miseram
313 1449 322 1464 ,
334 1437 434 1472 opem
454 1424 552 1457 etiam
565 1423 610 1456 eis
625 1422 758 1468 quidam
779 1420 944 1456 sacrificu-

157 1476 226 1514 lus,
239 1474 356 1509 statura
371 1483 486 1521 paruus
497 1495 506 1510 ,
533 1482 632 1518 quem
645 1471 836 1505 Antonium
856 1473 944 1505 Poc-

157 1526 276 1573 quium
290 1534 410 1558 vocant
431 1535 439 1556 :
460 1533 558 1568 quem
576 1521 674 1554 etiam
697 1519 830 1553 artibus
851 1519 944 1553 annis

159 1573 321 1622 cognoui.
359 1572 410 1606 En
424 1571 530 1607 totius
556 1568 682 1602 ordi-nis
705 1569 804 1615 primi
822 1568 945 1603 docto-

156 1635 229 1662 res,
251 1626 285 1658 δι
307 1621 408 1656 veluti
418 1617 619 1656 Patriarchae.
648 1618 762 1652 Postea
781 1629 895 1652 eorum
909 1629 944 1651 e-

157 1672 291 1717 xemplo
311 1667 554 1716 vnusquisque‚
568 1666 945 1715 quemadmodum&il-

157 1721 204 1758 li,
215 1719 338 1766 aliquid
352 1718 500 1753 nominis
512 1716 572 1751 sibi
592 1728 780 1763 comparare
790 1714 875 1749 nisus
887 1713 943 1749 est.

156 1767 304 1803 Flandris
315 1789 323 1805 ,
337 1768 373 1801 H
390 1766 515 1802 ›ll-andis
531 1770 562 1802 δι
575 1764 782 1800 Brabantinis
794 1787 804 1804 ‚
825 1775 861 1798 vt
879 1764 944 1798 iam

157 1816 246 1856 dixi,
259 1815 447 1851 abstinebo..
459 1815 538 1851 8ςά
559 1818 592 1848 in
600 1811 727 1849 Gallica
737 1814 848 1860 lingua
860 1836 870 1853 ,
883 1813 946 1847 iarn

159 1865 262 1903 veluti
274 1876 409 1900 examen
428 1864 619 1901 Doctorum
641 1863 735 1896 huius
745 1862 836 1898 serstae
849 1873 946 1908 repe-

158 1915 281 1953 rietur,
304 1914 361 1960 qui
372 1913 473 1948 tertio
485 1912 593 1948 st.1tim
604 1911 657 1946 die
679 1923 753 1946 eum
764 1910 900 1959 gradum
910 1923 948 1944 a·

158 1963 252 2010 depti
272 1961 345 1997 sunt
365 1976 373 1996 ι
392 1973 451 1995 nec
471 1959 642 2009 quisquam
665 1972 780 1994 eorum
801 1959 868 1999 est,
888 1960 946 2006 qui

157 2012 315 2046 maximus
336 2009 396 2045 effe
418 2022 487 2044 non
508 2019 652 2057 appetat.
687 2010 762 2045 Nec
793 2006 945 2056 profecto

159 2060 282 2096 mirum
296 2060 357 2102 est.
390 2060 476 2094 Non
495 2061 585 2093 enim
599 2059 686 2093 idem
707 2057 773 2097 est,
794 2057 854 2092 acsi
882 2059 947 2093 do-

160 2110 250 2144 &um
269 2119 322 2142 aut
342 2109 493 2155 praeclaro
521 2108 661 2156 >ingenio
690 2107 864 2154 praeditum
886 2106 947 2141 esl'e

160 2159 200 2193 ad
219 2158 361 2205 aliquam
383 2155 660 2191 existimatio-nem
680 2155 946 2203 consequendam

161 2216 351 2255 oporteret:
374 2203 439 2242 sola
459 2204 768 2252 enimrimpudentia
787 2206 854 2240 illic
877 2206 947 2252 pal-

161 2269 252 2300 mam
276 2253 422 2289 obtinet.
447 2253 731 2293 Accerteomnes
745 2254 806 2293 ‚de
824 2254 946 2301 quibus

160 2304 232 2340 sum
245 2306 400 2350 loquutus
413 2324 424 2340 ,
445 2301 725 2349 adeoignarisunt
734 2301 826 2349 supra
846 2303 947 2349 quam

161 2354 230 2389 dici
242 2350 359 2400 potest.
387 2351 462 2386 Nec
474 2350 650 2397 quicquam
662 2362 776 2384 eorum
786 2350 947 2386 sermoni-

161 2401 224 2437 bus
235 2400 315 2436 inest
327 2424 337 2440 ,
348 2410 383 2434 vt
398 2399 501 2447 vulgo
514 2398 578 2434 dici
589 2396 670 2433 solet
685 2423 694 2439 ‚
706 2409 760 2432 aut
772 2399 883 2434 rithmi
894 2409 948 2434 aut

161 2450 322 2488 rationis,
342 2456 409 2483 no‘n
422 2448 525 2496 magis
542 2448 642 2495 ,quam
660 2446 682 2482 si
703 2448 827 2482 cetariae
849 2448 890 2482 de
911 2461 947 2483 a·

161 2499 321 2546 strologia
343 2498 563 2545 disputaretur
584 2496 689 2544 Q>d
707 2508 814 2531 autern
834 2497 947 2541 Qin-

161 2549 253 2584 tinus
274 2546 406 2594 eir'isque
432 2545 542 2582 socius.-
557 2558 595 2580 ex
613 2543 786 2581 sutoribus
809 2546 947 2580 Docto-

161 2610 214 2633 res
232 2596 308 2632 faffi
331 2619 341 2636 ‚
364 2607 462 2642 atque
482 2595 527 2632 ita
553 2596 719 2629 immutati
739 2593 810 2628 sunt
830 2617 841 2633 ‚
860 2595 892 2629 id
913 2595 946 2629 in

163 2646 253 2683 causa
278 2643 362 2684 fuit,
383 2643 476 2692 quod
491 2643 628 2678 delicate
649 2648 682 2679 &
700 2643 844 2677 molliter
854 2645 947 2678 viue-

163 2707 199 2736 re
219 2695 362 2730 vellent:
385 2705 444 2733 nee
461 2691 696 2739 ,sibiputarent
712 2692 839 2726 labotes
862 2705 947 2726 con-

163 2744 288 2785 uenire.
308 2741 487 2789 Propterea.
499 2741 711 2778 commodius
724 2741 867 2779 omnino
879 2741 949 2775 exi-

163 2792 337 2832 sti-marunt
348 2815 358 2831 ‚
373 2803 413 2830 ,vt
432 2789 714 2837 quemadmodum
725 2789 905 2825 sacerdotes
915 2794 948 2826 &

164 2840 322 2887 monachi
341 2839 541 2878 cantillanclo
551 2857 561 2877 ς
574 2837 620 2874 *sic
634 2838 695 2886 ipsi·
704 2838 877 2886 garriendo
895 2840 948 2873 vi-

164 2901 232 2933 tam
248 2900 442 2937 quaerent.
462 2886 626 2923 :Tametsi
651 2888 730 2922 alter
749 2899 860 2921 eorum
883 2886 948 2922 ho-

165 2939 407 2981 stiariusjalter
417 2936 634 2970 cubicularius
646 2935 785 2972 libenter
803 2935 874 2971 fieri
895 2936 963 2972 su-'

165 2986 326 3030 stinuerit.
357 2985 459 3032 Qod
478 2985 515 3019 nd
537 2985 947 3034 Antoniumattinet‚pu-

166 3037 248 3077 tauit
259 3047 397 3070 amoenae
410 3034 467 3069 sibi
483 3034 642 3079 voluptati
655 3031 763 3073 fore,st
777 3035 948 3082 postquam

166 3083 394 3126 Missamsuarn
405 3084 523 3124 cecinit
534 3105 544 3120 ‚
566 3082 620 3115 has
636 3082 870 3128 speculationes
892 3097 949 3118 ru-

165 3134 317 3168 minaret.
340 3135 416 3168 Nec
439 3133 526 3166 enim
546 3131 640 3164 huius
660 3131 865 3166 conditionis
884 3133 949 3167 ho-

167 3182 274 3216 mines
286 3183 424 3223 multum
437 3180 560 3214 habent
574 3181 787 3227 negotiorum
802 3205 811 3219 ,
829 3181 950 3228 quibus

164 3241 381 3280 occupentur.
409 3230 473 3266 Sed
483 3230 560 3266 cum
572 3230 768 3279 explicatum
788 3228 963 3274 fueritrin.

1714 155 1771 193 505

986 219 1054 254 quo
1073 207 1129 241 sita
1149 206 1186 241 sit
1206 220 1321 242 eorum
1343 205 1496 250 sapientia
1516 228 1527 245 ‚
1547 204 1655 240 adhuc
1677 214 1774 252 aper-

987 258 1049 290 tius
1072 255 1284 302 perspicietur
1301 280 1310 296 ‚
1329 259 1426 304 quam
1444 253 1536 290 facile
1557 254 1593 289 sit
1604 253 1772 289 strenuum

986 303 1016 339 se
1039 317 1149 351 gerere
1170 305 1210 338 ad
1236 318 1388 353 magnam
1411 303 1526 339 famam
1547 305 1653 338 statim
1675 306 1774 340 colli-

986 353 1139 400 gendam.
1171 353 1259 386 -Duae
1280 355 1422 387 rationes
1443 366 1495 387 mc
1513 353 1550 388 ad
1569 352 1648 387 istos
1670 352 1773 389 infec-

986 403 1062 436 lices
1090 401 1314 435 nominandos
1338 403 1543 449 impulerunt
1562 425 1572 441 ‚
1600 403 1657 449 qui
1687 404 1774 439 alio-

985 451 1043 498 qui
1061 462 1102 484 ne
1123 450 1297 483 mentione
1322 451 1456 497 quidem
1479 453 1541 486 vlla
1562 452 1656 499 digni
1689 451 1774 487 sunt:

987 498 1113 534 tantt‘im
1139 495 1223 531 abest
1252 521 1262 536 ‚
1291 509 1326 531 vt
1349 499 1466 534 chartae
1497 502 1636 536 debeant
1657 513 1775 537 eorum

987 545 1180 582 nominibus
1201 545 1417 593 conspurcari.
1458 550 1606 585 Primum
1626 552 1776 586 nonnul-

986 597 1008 631 li
1020 597 1076 643 qui
1087 595 1287 643 ignorabant
1298 596 1377 641 quid
1391 596 1452 630 sibi
1465 599 1563 632 vellet
1577 599 1777 634 Libertino-

987 658 1058 680 rum
1079 656 1203 679 nomen
1228 666 1238 682 ,
1257 645 1289 677 id
1312 645 1472 688 Quintini
1493 649 1631 682 nomine
1652 651 1775 698 cogni-

988 695 1052 729 turi
1069 692 1150 727 sunt.
1181 693 1323 740 Expedit
1345 695 1444 727 etiam
1457 694 1578 729 belluas
1599 697 1684 732 adeo
1698 711 1776 746 per-

988 740 1125 777 niciosas
1145 752 1223 775 nota
1254 743 1360 788 aliqua
1381 741 1531 790 insigniri
1552 767 1562 783 ‚
1592 757 1626 780 vr
1650 748 1776 795 digno..

989 790 1029 826 sci
1050 789 1170 838 poffint
1192 789 1232 823 ab
1253 803 1458 839 vnoquoque
1483 807 1491 827 t
1525 805 1584 827 nec
1603 795 1777 843 quisquam

989 853 1058 874 non
1090 840 1234 874 monitus
1265 840 1422 875 damnum
1461 841 1597 888 aliquod
1627 845 1775 890 recipiat·

990 888 1155 923 Caetersim
1186 889 1326 923 minime
1357 890 1478 937 ignoro
1499 903 1552 924 me
1582 890 1668 926 haud
1701 906 1778 942 gra-

990 949 1059 972 tum
1079 936 1237 972 omnibus
1256 935 1416 973 fac'turum
1442 962 1452 978 ,
1475 939 1567 986 quod
1588 952 1645 973 eos
1665 945 1778 977 nomi-

989 998 1079 1020 nem.
1106 986 1166 1021 Sed
1181 986 1260 1033 quid
1274 989 1426 1034 agerem?
1454 989 1543 1023 Cum
1566 999 1708 1036 quatuor
1720 1004 1779 1038 ga-

990 1047 1113 1070 neones
1134 1041 1212 1076 (aut
1231 1045 1296 1069 tres
1325 1034 1460 1077 saltem)
1479 1039 1601 1078 video,
1623 1040 1678 1085 qui
1691 1039 1780 1087 plus-

991 1096 1088 1130 quam
1109 1094 1249 1131 quatuor
1268 1084 1370 1118 millia
1390 1085 1568 1120 hominum
1587 1087 1620 1120 in
1640 1090 1791 1125 exitium·

992 1133 1170 1173 duxerunt,
1190 1131 1372 1167 etiamnum
1394 1132 1480 1169 hunc
1499 1133 1781 1185 affidue‘lapidem

992 1182 1126 1216 voluere
1142 1190 1175 1216 vt
1194 1192 1341 1217 euertant
1363 1185 1537 1217 vei-itatem
1560 1186 1626 1220 Dei
1647 1209 1657 1226 ,
1681 1186 1781 1221 mise-

992 1242 1059 1264 ram
1086 1229 1264 1265 Ecclesiam
1291 1228 1444 1277 dissipent
1463 1254 1472 1271 ,
1493 1233 1526 1266 in
1546 1246 1692 1269 errorem
1720 1235 1781 1270 ab-

993 1278 1112 1314 ducant
1131 1290 1248 1314 omnes
1261 1302 1271 1319 ,
1295 1290 1379 1326 quos
1395 1280 1519 1314 irretire
1542 1281 1782 1328 poffunt,bla-

993 1324 1152 1374 sphemias
1170 1327 1365 1363 execrabiles
1383 1327 1533 1376 spargant
1545 1354 1556 1370 ,
1579 1336 1610 1367 &
1631 1334 1723 1379 quod
1739 1346 1783 1367 o-

994 1377 1121 1411 mnium
1134 1375 1348 1412 deterrimum
1369 1378 1414 1412 est
1425 1401 1434 1416 ‚
1447 1388 1558 1413 totum
1571 1380 1687 1415 orbem
1703 1394 1782 1429 per-

993 1423 1129 1460 turbent
1151 1437 1186 1461 ea
1208 1424 1402 1460 confusione
1420 1449 1429 1465 ‚
1454 1426 1472 1461 ὲ
1498 1439 1563 1474 qua
1581 1428 1689 1464 bestiae
1710 1431 1782 1479 ipsae

993 1472 1228 1509 abhorrerent:
1249 1487 1289 1508 an
1302 1485 1408 1509 tacere
1428 1474 1536 1510 debeo
1558 1489 1611 1513 aut
1630 1477 1783 1515 diffimu-

993 1522 1080 1556 lare?
1109 1523 1223 1569 (ξι-ξω
1241 1522 1322 1558 vero
1342 1524 1481 1558 crudelis
1495 1523 1590 1560 essem
1604 1550 1613 1566 ,
1627 1526 1649 1561 si
1664 1540 1698 1562 vt
1709 1542 1784 1574 par-

995 1583 1101 1606 cerem
1113 1572 1229 1611 alicui,
1240 1583 1295 1607 aut
1311 1573 1470 1618 placerem
1479 1598 1486 1612 ,
1495 1572 1532 1610 ’δι
1544 1574 1679 1610 sinerem
1691 1578 1731 1611 ab
1744 1580 1784 1613 iis

995 1618 1112 1655 vastari
1132 1625 1164 1656 δι
1180 1620 1300 1655 destrui
1323 1621 1457 1661 omnia,
1477 1635 1585 1671 neque
1609 1638 1784 1663 monerem

994 1667 1218 1709 homines,vt
1240 1669 1299 1704 sibi
1323 1682 1542 1717 praecauerent
1565 1676 1579 1707 Ρ
1613 1674 1645 1708 Si
1669 1674 1784 1711 scirem

1000 1718 1086 1752 viam
1103 1719 1247 1766 aliquam
1267 1718 1284 1753 ὲ
1303 1719 1486 1754 latronibus
1508 1722 1671 1762 obsideri,
1693 1723 1785 1760 non-⁴

994 1778 1036 1800 ne
1057 1779 1169 1801 meum
1183 1768 1257 1803 esset
1268 1767 1301 1802 id
1311 1764 1472 1808 feudare,
1487 1783 1528 1804 ne
1547 1772 1656 1806 miseri
1670 1774 1784 1808 viato-

993 1815 1088 1849 resin
1100 1828 1214 1851 eorum
1225 1829 1335 1851 manus
1345 1817 1554 1855 inciderent?
1581 1824 1636 1856 An
1650 1835 1713 1869 ego
1725 1835 1785 1858 ve·-

994 1863 1121 1899 neficos
1134 1866 1237 1900 celare
1248 1865 1402 1900 deberem
1414 1889 1424 1905 ‚
1444 1869 1501 1914 qui
1524 1870 1558 1903 in
1571 1871 1711 1906 vniuersi
1723 1873 1786 1907 ali·

995 1914 1086 1948 cuius
1105 1915 1221 1962 populi
1233 1927 1349 1950 necem
1362 1916 1620 1963 conspirassent?
1642 1921 1786 1957 Nullum

995 1961 1041 1997 est
1059 1973 1167 1998 autem
1184 1964 1395 1998 latrocinium
1416 1965 1500 2000 adeo
1520 1966 1685 2003 scelestum
1700 1994 1709 2010 ‚
1723 1983 1785 2006 nec

995 2023 1160 2047 venenum
1178 2012 1261 2047 adeo
1272 2013 1514 2059 perniciosum,
1532 2017 1635 2063 quam
1655 2031 1785 2054 execra-

995 2060 1071 2095 bilis
1091 2061 1340 2096 haechCtrina:
1359 2074 1430 2109 quae
1447 2062 1488 2097 εὸ
1509 2066 1618 2101 tendit
1631 2090 1639 2104 ‚
1669 2079 1705 2102 vt
1716 2081 1786 2106 non

995 2108 1101 2144 solum
1122 2110 1341 2146 Christianam
1357 2112 1557 2159 religionem
1574 2139 1584 2154 ,
1608 2113 1661 2150 sed
1684 2119 1784 2153 etiam

995 2158 1201 2194 honestatem
1240 2172 1378 2194 omnem
1411 2173 1511 2209 atque
1540 2163 1783 2203 humanitatem

997 2206 1128 2255 diffipet
1147 2220 1184 2244 ac
1205 2208 1330 2248 deleat,
1351 2220 1422 2256 quae
1440 2209 1596 2247 haetenus
1614 2216 1713 2249 etiam
1729 2218 1784 2251 in-

997 2268 1046 2291 ter
1077 2259 1202 2291 Turcas
1230 2255 1316 2303 ipsos
1342 2269 1440 2304 atque
1469 2259 1622 2297 infideles
1657 2262 1784 2312 semper

996 2306 1109 2340 valuit.
1139 2307 1172 2340 Si
1191 2306 1290 2353 igitur
1302 2305 1366 2341 hoc
1379 2306 1521 2344 facerem
1540 2333 1550 2350 ‚
1573 2313 1696 2346 merito
1716 2313 1783 2360 ipse

997 2352 1142 2389 censeret
1154 2353 1345 2389 homicida:
1365 2358 1440 2391 curn
1462 2359 1550 2393 malo
1566 2361 1665 2394 veluti
1677 2361 1781 2398 assen-

997 2401 1064 2437 sum
1081 2402 1271 2450 praeberem.
1283 2402 1404 2451 Egone
1415 2405 1693 2449 obtumescerem,
1705 2410 1782 2446 cum

997 2450 1076 2485 istos
1098 2452 1197 2486 video
1217 2453 1262 2487 ita
1290 2453 1414 2489 Christi
1442 2457 1581 2491 nomine
1595 2457 1782 2500 abutentes,

997 2511 1033 2534 vt
1044 2501 1112 2535 eius
1133 2511 1288 2548 praetextu
1305 2502 1592 2539 abominationem
1615 2508 1796 2550 omnium,

998 2559 1068 2597 quae
1086 2550 1274 2597 vnquamin
1285 2552 1436 2587 vniuerso
1447 2553 1528 2587 orbe
1550 2552 1702 2596 fuerunt,
1723 2569 1778 2593 te-

998 2599 1164 2648 terrimam
1184 2599 1398 2636 introducant
1409 2625 1418 2641 ‚
1429 2614 1464 2637 ac
1476 2602 1538 2649 ipsi*
1554 2603 1689 2639 Christo
1701 2619 1782 2653 pro*

998 2646 1093 2681 brum
1111 2648 1244 2682 inurant
1263 2672 1273 2689 ,
1290 2650 1360 2698 quo
1380 2650 1516 2685 diabolo
1539 2652 1685 2688 deterior
1702 2668 1783 2690 cen-

997 2694 1057 2730 seri
1078 2695 1188 2743 poffit.
1221 2698 1301 2733 Hoc
1320 2697 1343 2733 si
1363 2698 1534 2739 facerem,
1551 2700 1666 2738 nonne
1686 2703 1784 2741 essem

998 2757 1076 2779 cane
1086 2745 1268 2782 vaecordior
1278 2770 1288 2787 ,
1302 2749 1359 2795 qui
1371 2748 1546 2783 dominum
1558 2748 1647 2785 suum
1670 2753 1784 2789 inuadi

998 2793 1182 2835 non-finit,
1205 2797 1287 2843 quin
1310 2796 1418 2832 saltem
1437 2796 1613 2834 oblatret?
1638 2801 1736 2838 Elato
1752 2804 1783 2836 i-

998 2844 1086 2890 gitur
1105 2845 1249 2879 elamore
1268 2844 1441 2880 vociferari
1464 2859 1589 2895 cogor:
1608 2848 1629 2884 fi
1644 2851 1701 2884 vlli
1719 2862 1785 2886 vn-

998 2890 1095 2944 quamv
1106 2890 1235 2929 fuerunt
1246 2894 1390 2930 haeretici
1400 2918 1410 2932 ‚
1423 2897 1481 2941 qui
1496 2895 1614 2932 effraeni
1625 2903 1656 2936 δι
1668 2898 1787 2947 profu·

998 2942 1028 2976 ia
1046 2940 1185 2977 libidine
1195 2966 1205 2982 ‚
1219 2956 1288 2978 non
1300 2944 1376 2978 dico
1389 2942 1478 2977 falsas
1488 2946 1666 2992 opiniones
1677 2953 1710 2984 δι
1731 2962 1785 2984 er-

997 3002 1086 3025 rores
1097 3013 1107 3030 ‚
1119 2989 1171 3026 sed
1183 2991 1377 3027 execrabiles
1388 2997 1419 3027 &
1431 2991 1610 3031 horrendas
1632 2996 1784 3044 blasphe-

998 3039 1078 3073 mias
1089 3042 1299 3085 protulerint,
1312 3053 1428 3077 omnes
1439 3039 1528 3077 fuisse
1539 3044 1579 3078 ab
1592 3044 1643 3079 his
1655 3046 1786 3094 supera-

998 3089 1226 3136 tos-Nsrquam
1238 3091 1314 3125 talia
1327 3089 1454 3126 fuerunt
1465 3092 1707 3134 monstra3'adec‘>
1719 3107 1786 3130 vn-

1000 3149 1097 3184 quam
1106 3137 1341 3179 abominanda,
1352 3140 1452 3186 quam
1464 3142 1610 3188 Qintin
1617 3155 1666 3182 us,
1681 3145 1720 3178 εὖ
1733 3145 1786 3179 sua

1001 3185 1344 3222 cohort'e.1³raeclarum
1358 3187 1510 3236 profecto
1519 3188 1592 3225 esset
1605 3204 1658 3225 me
1668 3194 1789 3239 Papam

1001 3233 1135 3284 eiusque
1159 3236 1269 3273 socios
1295 3247 1394 3286 atque
1417 3235 1632 3277 administros
1653 3252 1715 3287 pro
1734 3241 1800 3276 iri--

1543 3288 1576 3323 V
1588 3288 1632 3323 V.
1775 3286 1788 3292 ⁴
