2113 3674
280 239 475 288 reperietur,
487 234 545 285 qui
555 228 854 278 asserere-postia&
860 230 1077 280 posteaquam

280 291 395 324 Deum
408 289 513 323 nouit,
524 292 597 318 non
609 281 725 328 sponte
736 279 918 327 deliquisse,
935 285 995 324 Ag
1006 295 1076 324 non

282 337 357 373 ess'et
371 331 547 372 Ecclesiam
560 334 708 379 perdere,
724 330 806 364 velle
819 342 876 373 eos
887 334 1076 374 ornnesco-

282 389 380 425 iit-gere
391 387 425 420 in
438 382 702 429 desperationem
717 383 737 413 ᾖ
759 381 806 420 At
815 379 929 423 dicent
939 379 979 419 sic
992 393 1076 421 con-

282 436 432 471 scientias
449 432 570 478 sopiri,
589 441 624 464 vt
636 427 732 465 facile
744 426 1074 475 assentiantur-malo.

281 486 357 532 Ego
369 482 448 517 vero
469 490 586 515 contra
599 477 781 526 respondeo
794 501 806 518 ,
824 476 990 526 consopiri
1011 490 1075 524 po-

283 535 347 567 tius
360 543 474 566 eorum
486 530 615 564 animos
625 528 685 576 *qui
699 525 760 566 fibi
770 528 815 568 ita
827 528 1005 574 imponunt
1017 550 1026 566 ,
1040 536 1075 566 vt

284 592 401 628 putent
412 577 442 614 se
454 590 625 626 nunquam
644 575 703 612 nisi
727 578 914 624 ignorantia
930 588 1073 623 peccare:

281 628 380 677 se‘que
392 627 476 663 adeo
489 628 686 663 innocentes
705 625 920 666 existimant„
935 636 969 658 vr
987 636 1074 659 nun-

284 691 383 726 quam
394 679 482 714 malo
499 675 566 713 ,fint
583 676 767 713 animoaut,
784 687 880 722 praua
893 675 1074 714 voluntate.

283 726 561 765 Confidcremus‚
574 723 698 772 quaesO,
710 735 794 771 quot
807 723 916 764 modis
930 735 990 762 nos
1000 734 1076 767 ten-

280 788 330 813 tet
342 775 506 811 diabolus.
537 776 569 810 Si
585 786 653 809 non
677 774 901 820 opprimimur
919 772 1075 811 omnino,

280 828 356 874 quis
364 837 477 861 tamen
490 825 612 866 virtute
628 833 717 857 tanta
730 822 885 870 praeditus
898 820 954 859 est,
965 831 999 854 vt
1013 821 1076 854 ali-

281 876 417 924 quando
428 886 499 908 non
508 872 846 918 defleRatmunquam
855 870 1076 916 aberretzqua-

249 926 253 928 ’
281 919 681 962 uisffsiteommonefaems
695 922 712 955 a
725 921 802 959 Deo
815 943 826 959 ,
837 924 868 956 &
881 918 1075 954 testimonisi

282 973 402 1011 habeat
412 971 623 1009 conscientiae
634 969 693 1004 suae
703 993 713 1009 ‚
725 981 794 1016 quo
807 970 840 1003 in
853 970 974 1003 refihim
987 968 1074 1001 viam

283 1023 470 1059 reducatur?
483 1024 622 1056 Pectato
635 1019 916 1065 contraSpiritum
930 1016 1076 1052 sanetum

281 1069 420 1108 admiiso
431 1070 562 1105 veniam
571 1069 693 1103 nullam
705 1068 773 1102 dari
785 1066 1071 1115 allegant.Fate0r.

283 1122 347 1159 Sed
373 1130 544 1168 peccatum
564 1118 789 1152 voluntarium
808 1115 947 1150 multum
966 1113 1075 1149 differt

283 1168 487 1216 abeo‚quod
502 1170 535 1202 in
547 1162 717 1214 Spiritum*
728 1166 869 1200 sanetum
885 1165 1074 1200 committi-

285 1230 348 1255 tur.
362 1221 394 1254 Is
405 1218 495 1252 enim
504 1216 618 1252 resistit
634 1215 769 1261 Spiritui
783 1213 967 1260 sanc'tmqui
977 1225 1073 1259 aper-

281 1268 317 1305 te
329 1278 491 1314 repugnat
501 1266 632 1304 veritati
642 1265 722 1303 Dei,
734 1269 767 1301 δι
778 1263 946 1297 obstinato
961 1263 1072 1296 animo

281 1318 401 1353 nititur
412 1311 670 1363 ipsameuertere
680 1337 690 1354 ‚
704 1311 792 1361 quasi
815 1314 893 1350 Deo
906 1323 1073 1350 certamen

281 1366 429 1402 indicere
440 1364 618 1400 videretur.
634 1367 771 1402 Peccare
781 1373 890 1397 autem
903 1361 994 1408 spote
1007 1372 1072 1407 po-

281 1416 360 1451 terit
372 1414 504 1462 aliquis,
518 1414 580 1461 qui
593 1423 703 1447 tamen
715 1425 774 1447 nec
785 1410 909 1445 bellurn
921 1407 1072 1446 aduersus

279 1465 395 1505 Deum
407 1474 598 1512 gerere,nec
610 1464 644 1496 in
655 1462 723 1496 eius
739 1459 879 1495 verbum
891 1470 1071 1494 contume-

281 1513 382 1550 liosus
396 1512 457 1547 effe
466 1512 568 1547 volet.
932 1543 935 1547 ,

290 1593 296 1604 ‹
313 1562 390 1598 i-Sed
403 1561 548 1601 breuiter
557 1565 587 1596 &
603 1557 697 1594 facile
711 1557 900 1605 expedietur
913 1556 974 1604 hec
986 1568 1071 1604 que-

280 1609 367 1650 stio,
389 1610 413 1645 fi
427 1610 497 1644 eius
515 1609 749 1644 definitionem
766 1606 804 1640 ad
818 1607 928 1641 Deum
949 1604 1071 1641 refera-

279 1659 410 1697 inus-sid
424 1658 480 1696 est,
491 1658 514 1693 fi
528 1657 748 1706 pronuntiatis
762 1654 858 1703 ipsius
870 1678 881 1694 ‚
894 1667 929 1690 vt
940 1667 1071 1702 aequum

280 1709 349 1747 ests
362 1708 617 1756 acquiescamus.
636 1705 725 1741 Cum
736 1708 824 1739 enim
835 1703 1071 1742 authoritatem

279 1758 474 1794 remittendi
493 1767 625 1804 peccata
646 1753 706 1790 sibi
718 1752 776 1788 soli
796 1752 1006 1789 reseruauerit
1020 1768 1028 1789 ι
1040 1755 1071 1789 i-

283 1806 370 1856 psius
384 1807 483 1841 etiam
497 1805 543 1842 est
554 1805 652 1840 solius
665 1802 803 1840 definire
815 1826 825 1842 ‚
843 1814 914 1850 quae
931 1804 1069 1843 remitti,

281 1868 354 1904 quae
367 1869 434 1890 non
447 1855 574 1890 remitti
586 1853 738 1896 debeant.
758 1851 813 1887 Ab
826 1853 925 1889 initio
944 1851 1025 1889 vero
1036 1853 1071 1890 in

282 1906 410 1954 populo
431 1904 567 1939 Iudaico
585 1901 728 1945 instituit
748 1901 815 1935 duo
835 1900 1071 1938 sacrificiorum

283 1954 561 2002 quotidianorum
573 1962 692 2000 genera
704 1964 712 1983 ι
724 1961 826 1984 vnum
840 1962 900 1996 pro
914 1951 1071 1985 volunta-

283 2004 504 2051 nispeccatis,
521 2003 660 2036 alterum
671 2011 733 2046 pro
747 1999 787 2035 iis
800 2010 871 2046 quae
883 2000 1072 2046 ignorantia

284 2050 671 2089 adinitterentur‚addita
687 2048 744 2082 hac
757 2047 991 2094 promissione,
1005 2060 1072 2084 tam

284 2100 566 2150 prioribusquam
577 2097 814 2145 posterioribus
825 2095 854 2130 se
871 2098 1001 2133 veniam
1014 2098 1072 2132 da-

285 2162 412 2186 tur-um.
439 2148 533 2198 Qd
546 2148 584 2182 ad
597 2147 662 2182 haec
675 2144 782 2180 miseri
805 2144 856 2180 isti
877 2144 1007 2182 fanatici
1019 2158 1073 2180 re-

284 2199 496 2248 spondebunt
514 2200 528 2231 ἓ
555 2196 752 2231 Pronuntiat
770 2193 1002 2234 Dominus,se
1019 2208 1073 2231 re·-

284 2247 457 2284 miffurum
472 2245 625 2291 fidelibus
635 2255 766 2292 peccata
780 2244 962 2284 voluntaria
981 2250 993 2285 (
1010 2244 1072 2279 fie-

283 2297 367 2333 bant
375 2298 476 2332 enim
490 2295 643 2331 &crificia
652 2306 712 2340 pro
723 2294 761 2328 iis
773 2293 829 2339 qui
843 2292 908 2328 iarn
922 2292 1072 2328 Ecclesiae

285 2345 438 2382 membra
456 2349 568 2383 erant)
591 2342 643 2378 isti
660 2341 743 2377 vero
761 2343 840 2377 Deo
850 2343 1072 2377 manuscolli-

285 2407 382 2445 gare,
403 2407 439 2430 ac
458 2407 501 2428 ne
513 2393 612 2428 talem
634 2390 891 2426 misericordiam
912 2402 1070 2431 exerceat,

285 2443 465 2492 prohibete
478 2443 607 2477 volunt.
636 2442 668 2475 Si
680 2440 842 2486 excipiant
852 2462 863 2478 ‚
876 2439 957 2475 idin
968 2440 1072 2475 veteri

283 2495 359 2542 lege
371 2491 490 2529 faetum
502 2515 514 2532 ‚
527 2491 622 2526 aliam
637 2489 715 2524 vero
728 2488 885 2535 temporis
899 2487 1072 2528 nostriesse

282 2541 609 2581 rationemmimium
621 2536 737 2573 friuola
749 2539 809 2572 erit
821 2537 881 2584 hec
891 2538 1070 2575 canili-atio.

283 2593 370 2627 eatis
383 2591 470 2625 enim
486 2586 690 2637 perspectum
703 2586 755 2621 lest
764 2609 773 2624 ‚
784 2586 949 2622 infinitam
961 2586 1071 2623 ,boni-

283 2651 390 2675 tatem
403 2640 493 2678 Dei',
503 2638 645 2675 aduentu
667 2634 792 2671 Christi
810 2636 955 2670 Domini
967 2635 1072 2671 nostri

282 2686 756 2736 haudquaquamimminutam
769 2708 778 2722 ‚
789 2682 841 2718 sed
863 2685 976 2730 potius
997 2698 1072 2720 am-

281 2736 469 2785 plificatam
479 2734 708 2780 effe.Praeterea
720 2731 836 2768 scimus
846 2731 999 2768 sacrificia
1009 2747 1069 2768 an-

282 2788 375 2833 tiqua
387 2786 507 2834 figuras
528 2784 660 2819 tantiam
672 2781 772 2817 <fuisse
792 2794 905 2816 eorum
918 2805 928 2821 ,
947 2794 1022 2829 quae.
1037 2784 1071 2818 in

282 2835 422 2870 Christo
435 2833 603 2881 implenda
613 2842 715 2867 erant.
741 2831 831 2866 Cum
846 2842 926 2878 ergo
948 2832 1071 2867 volun-

238 2927 242 2929 *
283 2885 441 2919 rariorum
462 2893 675 2930 peecatorum
704 2876 927 2916 remiffionem
948 2878 1070 2916 sacrifi-

280 2933 333 2968 cin
345 2934 483 2980 antiqua
500 2929 764 2979 repraesentarent
774 2951 785 2968 ,
797 2939 869 2974 quae
881 2928 1071 2965 domesticis

281 2981 362 3017 fidei
372 2980 545 3016 exhibetur
555 3003 565 3019 ‚
581 2990 704 3014 certum
713 2981 749 3014 &
759 2975 962 3024 perspicuum
978 2979 1070 3013 testi-

280 3031 436 3065 monium
445 3028 491 3064 est
503 3052 514 3068 ‚
526 3028 640 3064 fideles
649 3039 718 3062 non
735 3023 865 3061 tantum
876 3025 1069 3071 ignorantiae

279 3077 417 3116 sum-sed
431 3078 532 3112 etiam>
540 3077 739 3110 delictorum
749 3071 866 3121 sponte
876 3073 1068 3115 admissorfi,

277 3124 504 3163 temiffionem
514 3137 574 3171 per
585 3123 755 3160 Christum
764 3122 931 3171 pbtinere.
961 3124 1067 3167 Cuius

277 3177 378 3212 ctiam
390 3176 437 3211 rei
446 3185 498 3210 tot
518 3173 680 3208 habemus
698 3171 865 3219 exempla,
886 3182 923 3205 vt
935 3183 1003 3207 earn
1013 3185 1066 3207 re.—

274 3237 394 3261 uocare
405 3224 445 3259 in'
461 3222 601 3259 dubium
611 3246 620 3259 ‚
640 3218 853 3269 impudehtiae
865 3218 904 3256 fit
917 3222 1064 3256 maximae

275 3271 702 3321 Siexveteri‘sestamerito
720 3268 894 3305 (uniamus-
922 3270 1065 3306 Patria:-

832 170 1436 219 1rsssech10-

1125 235 1190 266 chae
1203 231 1278 266 cum
1293 232 1325 266 in
1339 230 1570 280 fratrisneeem
1584 233 1910 283 conspiraruntrma-

1124 282 1154 315 le
1167 280 1195 314 se
1207 293 1303 329 agere
1313 294 1382 315 non
1394 281 1604 329 ignorabant.
1628 278 1750 329 Ruberi
1763 276 1834 329 non
1847 289 1909 323 im-

1125 331 1302 376 prudenter
1314 332 1412 378 patria
1431 330 1476 365 sui
1494 329 1630 367 thorum
1652 337 1909 376 contaminaiuit.

1125 379 1223 413 ludas
1233 379 1305 414 satis
1327 378 1528 426 perspec‘tum
1549 379 1692 418 habebat
1711 375 1913 428 fornicatio,

1123 440 1199 469 nem
1213 427 1382 474 displicere
1393 430 1471 464 Deo
1486 442 1495 463 z
1511 428 1550 463 ab
1564 443 1598 464 ea
1608 441 1716 466 tamen
1726 425 1911 470 nonabsti-

1123 478 1207 511 nuit.
1232 478 1343 512 Dauid
1354 501 1366 517 ‚
1379 479 1435 524 qui
1449 476 1556 512 sontes
1573 481 1727 526 quotidie
1741 484 1912 528 puniebat,

1123 538 1192 560 non
1205 538 1334 572 poterat
1346 537 1455 560 errore
1465 538 1519 562 aur
1539 529 1757 575 imprudentia
1775 532 1856 566 illud
1876 546 1913 568 a-

1124 575 1254 618 dulterii
1266 577 1390 610 crimen
1400 575 1585 619 admittere.
1603 581 1658 612 An
1671 578 1911 622 misericordia,

1123 630 1223 670 qnam
1234 626 1327 660 Deus
1339 625 1403 668 illis
1415 624 1572 660 omnibus
1583 627 1778 673 impartiuit,
1789 629 1914 669 defecit

1123 684 1177 707 aut
1190 674 1344 716 isstw'jissa,
1360 684 1394 708 vt
1404 686 1473 709 non
1485 673 1582 720 poffit
1595 677 1694 722 ipsam
1707 669 1825 719 eodem
1836 692 1914 714 mo-

1124 722 1169 755 do
1180 720 1240 756 suis
1252 721 1355 757 hodie
1366 721 1520 757 exhibere
1531 726 1554 757 ’ἲ
1590 725 1652 759 Sed
1675 738 1713 760 ex
1726 728 1829 762 veteri
1840 729 1916 763 Te-

1124 770 1288 806 stamento
1309 772 1455 818 exempla
1477 773 1616 807 mutuari
1635 775 1772 810 minime
1790 776 1915 813 necesse

1123 821 1186 854 est:
1205 820 1281 855 cum
1301 821 1341 856 iis
1351 821 1498 855 abundet
1521 834 1659 856 nouum.
1688 824 1778 862 Nam
1799 828 1914 862 Petrus

1123 880 1300 917 antequam
1323 869 1499 917 abnegaret
1521 870 1688 906 Christum
1702 895 1712 912 ‚
1736 872 1820 908 hanc
1840 874 1915 909 sen-

1124 920 1263 952 tentiam
1280 919 1426 953 audierat
1446 933 1455 953 ε
1476 921 1548 967 Q
1568 933 1621 954 me
1633 933 1745 956 coram
1763 922 1918 959 homini-

1123 965 1184 1002 bus
1208 967 1420 1015 abnegauerit
1430 990 1440 1006 ,
1454 969 1548 1002 illum
1560 968 1735 1016 abnegabo
1746 970 1824 1006 corii
1834 974 1915 1009 Deo

1123 1019 1215 1051 Patre
1227 1028 1317 1050 meo.
1352 1019 1554 1064 Ignorantia:
1575 1030 1654 1065 ergo
1673 1019 1917 1058 excusationem

1122 1065 1308 1104 obtendere
1329 1077 1398 1109 non
1416 1076 1564 1112 poterat:
1585 1066 1736 1107 Christus
1755 1079 1866 1105 tamen
1885 1073 1917 1106 ei

1122 1115 1253 1148 veniam
1267 1114 1372 1156 dedit.
1400 1116 1516 1148 Paulus
1530 1115 1570 1149 de
1583 1116 1753 1151 nonnullis
1764 1130 1917 1166 conque-

1121 1164 1240 1203 ritur,
1254 1163 1311 1210 qui
1331 1162 1572 1199 Theffalonicae
1591 1163 1789 1212 flagitiosam
1812 1170 1917 1206 vitam

1122 1212 1307 1247 ducebant:
1322 1224 1382 1246 nec
1395 1223 1506 1247 tamen
1515 1212 1634 1249 desinit
1645 1213 1730 1250 bene
1741 1216 1782 1251 de
1791 1216 1830 1250 iis
1842 1216 1918 1265 spe,

1121 1273 1211 1296 rare:
1227 1261 1332 1300 modo
1346 1261 1564 1309 corrigantur,
1578 1273 1614 1296 vt
1625 1264 1664 1297 ad
1676 1266 1914 1311 poenitentiam

1120 1310 1239 1349 adduci
1250 1308 1386 1356 poffint.
1414 1313 1483 1356 Qi
1496 1311 1530 1346 in
1543 1311 1685 1346 Ecclesia
1706 1314 1914 1350 Corinthio-

1120 1372 1192 1394 rum
1206 1361 1239 1394 in
1251 1358 1431 1407 flagitiosas
1442 1359 1599 1395 libidines
1621 1366 1654 1397 &
1666 1362 1740 1398 vitae
1760 1376 1864 1411 genus
1875 1377 1913 1399 a-

1120 1408 1185 1443 deo
1198 1407 1357 1446 diiiblutae
1369 1409 1731 1459 proruperant‚fib1'que
1742 1412 1828 1446 adeo
1841 1414 1913 1460 pla-

1121 1458 1238 1495 cebant
1251 1458 1286 1492 in
1301 1459 1392 1492 vitiis
1405 1456 1485 1498 suis,
1508 1470 1544 1492 vt
1558 1459 1682 1494 nullam
1705 1460 1915 1497 admonitio-

1120 1520 1197 1542 nem
1209 1507 1324 1547 audire
1338 1508 1463 1543 vellent
1476 1531 1486 1547 ,
1499 1507 1613 1542 nonne
1631 1509 1678 1543 rei
1694 1520 1786 1545 erant
1796 1512 1915 1549 crimi-

1121 1558 1170 1590 nis
1181 1568 1279 1603 praua
1290 1557 1460 1590 voluntate
1471 1555 1622 1591 admiffi?
1638 1558 1721 1598 Non
1733 1569 1845 1594 tamen
1856 1561 1918 1596 de-

1120 1603 1196 1639 sinit
1209 1606 1299 1640 idem
1321 1604 1506 1652 Apostolus
1529 1618 1585 1640 eos
1605 1607 1645 1641 ad
1665 1606 1918 1655 resipiscentiam

1120 1653 1287 1693 adhortari
1309 1678 1320 1695 ‚
1339 1655 1443 1688 veniae
1463 1655 1575 1690 locum
1594 1655 1668 1703 ipsis
1692 1657 1779 1705 apud
1800 1659 1917 1694 Deum

1119 1704 1323 1751 relinquens.
1354 1704 1449 1739 Idem
1462 1704 1603 1752 legimus
1615 1705 1656 1740 de
1665 1708 1764 1741 Petro
1776 1719 1852 1756 erga
1864 1710 1917 1743 Si-

1121 1766 1258 1795 monem
1269 1753 1423 1800 Magum.
1462 1753 1554 1799 Qid
1573 1754 1664 1801 plura
1682 1754 1918 1793 desideramus?

1120 1800 1471 1845 Dominusthesauros
1481 1802 1713 1838 misericordiae
1723 1802 1783 1839 suae
1791 1807 1914 1852 aperit,

1122 1852 1221 1887 etiarn
1235 1853 1287 1891 iis,
1298 1852 1361 1899 qui
1370 1849 1647 1899 concupiscentiis
1660 1850 1724 1889 suis
1733 1854 1917 1900 vi&i,qui-

1121 1902 1171 1936 uis
1180 1901 1255 1936 mali
1268 1901 1502 1948 cognitionem
1513 1899 1684 1941 haberent,
1694 1912 1804 1937 tamen
1816 1902 1917 1938 infir-

1122 1950 1240 1990 mitate
1257 1951 1362 1985 carnis
1383 1948 1443 1983 suae
1463 1948 1586 1984 arceto
1595 1948 1807 1986 deflexerint.'
1828 1953 1916 1998 Qie

1121 1998 1298 2037 hominum
1310 1996 1432 2036 miseris
1443 1998 1670 2046 peccatoribus
1681 2000 1811 2034 ianuam
1824 2001 1916 2036 clau·

1122 2048 1203 2082 det?
1216 2059 1275 2082 nec
1286 2046 1367 2082 sinet
1378 2059 1434 2082 eos
1448 2046 1586 2095 gratiam
1596 2071 1605 2086 ‚
1619 2054 1717 2094 quam
1731 2046 1808 2096 ipsis
1815 2050 1914 2086 Deus

1122 2095 1446 2143 offert,recipere?Ex
1457 2095 1508 2130 his
1523 2097 1624 2143 igitur
1636 2095 1851 2143 perspicimus
1862 2110 1916 2135 ve·-

1123 2158 1245 2180 nenum
1258 2144 1443 2180 lethalesub
1454 2144 1523 2179 istis
1536 2143 1826 2192 Anabaptistarum
1838 2160 1915 2184 ver-

1123 2194 1172 2229 bis
1186 2195 1286 2229 latere
1304 2208 1312 2228 :
1338 2193 1415 2228 ciim
1426 2193 1521 2228 nullis
1535 2194 1604 2227 aliis
1618 2196 1760 2241 peccatis
1779 2197 1914 2232 veniam

1123 2244 1190 2279 dari
1202 2246 1292 2278 aiunt
1302 2266 1312 2282 ‚
1324 2242 1424 2291 quam
1437 2244 1476 2276 iis
1487 2265 1498 2282 ,
1511 2253 1582 2290 quae
1603 2243 1834 2291 imprudenter
1851 2245 1913 2281 ad-

1123 2303 1313 2328 mittuntur.

1172 2343 1220 2377 Vt
1238 2352 1346 2376 autem
1367 2341 1401 2374 in
1420 2339 1486 2376 hoc
1504 2341 1642 2378 articulo
1662 2342 1914 2384 concludamus,

1123 2389 1331 2426 Christianos
1350 2401 1469 2424 omnes
1489 2391 1688 2426 admonitos
1705 2389 1766 2426 effe
1787 2392 1914 2429 necesse

1122 2441 1251 2486 est‚quae
1264 2438 1326 2476 (int
1336 2451 1373 2476 ex
1384 2451 1424 2473 eo
1438 2438 1777 2487 consequentia-Nam
1791 2441 1849 2477 etsi
1861 2441 1913 2478 fa—

1121 2489 1183 2523 cile
1196 2488 1360 2526 iudicatur
1372 2488 1485 2525 nimiae
1494 2485 1554 2527 effe
1565 2488 1851 2529 seueritatis‚nolle
1862 2491 1912 2526 vl.

1120 2538 1189 2573 lum
1201 2537 1342 2574 omnino
1353 2538 1471 2572 vitium
1486 2538 1520 2571 in
1531 2536 1674 2573 Ecciefia
1682 2539 1912 2576 toleraretnon

1121 2597 1232 2621 tamen
1244 2587 1354 2633 primo
1366 2586 1489 2620 intuitu
1500 2587 1652 2622 videmus
1662 2610 1673 2626 ,
1683 2587 1785 2635 quarn
1795 2590 1913 2634 perni-

1120 2633 1206 2670 ciosa
1219 2634 1257 2670 sit
1267 2634 1334 2670 haec
1346 2635 1574 2682 opini0‚quod
1587 2648 1624 2672 ea
1637 2648 1709 2683 quae
1720 2637 1912 2685 consequti-

1121 2694 1172 2719 tur
1182 2697 1251 2718 non
1261 2685 1570 2719 animaduertamus.
1590 2685 1688 2720 Olim
1697 2684 1768 2721 duae
1778 2684 1912 2723 fuerunt
1954 2701 1956 2703 ·

1120 2732 1350 2769 haereticorum
1357 2730 1448 2769 sectae
1459 2756 1470 2773 ‚
1482 2745 1554 2781 quae
1563 2733 1741 2769 Ecclesiam
1753 2734 1913 2771 veheme-

1121 2793 1170 2818 ter
1191 2781 1381 2817 turbarunt.
1411 2784 1568 2830 Qorum
1589 2783 1681 2818 alteri
1701 2784 1824 2819 Graeco
1845 2797 1914 2820 no-

1120 2832 1212 2866 mine
1225 2829 1383 2871 cathari,
1395 2830 1428 2867 id
1441 2831 1486 2867 est
1497 2855 1507 2871 ,
1519 2833 1596 2867 Puri
1614 2846 1623 2867 :
1647 2832 1739 2867 alteri
1759 2834 1913 2870 Donati-

1119 2879 1193 2920 stae,
1209 2893 1247 2914 ex
1266 2880 1365 2925 primi
1384 2880 1533 2915 authoris
1554 2885 1587 2918 &
1606 2880 1750 2929 magistri
1769 2883 1913 2919 nomine

1118 2927 1527 2977 appellabantur-Vtrique
1536 2930 1569 2964 in
1582 2930 1700 2964 eodem
1714 2942 1825 2966 errore
1833 2928 1910 2966 fue-

1119 2988 1196 3013 runt
1208 2989 1276 3025 quo
1286 2977 1339 3013 isti
1363 2975 1581 3014 somniatores
1595 2993 1604 3013 :
1623 2977 1800 3014 Ecclesiam
1816 2992 1911 3027 quae-

1112 3031 1248 3065 'rentes‚
1262 3028 1368 3074 inqua
1387 3026 1471 3062 nihil
1485 3027 1588 3074 poffet
1599 3026 1784 3065 defiderari,
1799 3030 1912 3064 Ideir..

1118 3088 1159 3110 eo
1179 3074 1210 3110 se
1227 3075 1270 3110 ab
1289 3075 1437 3112 vniuersa
1465 3075 1730 3112 Christianorum
1751 3074 1910 3114 societate

1116 3123 1367 3173 segregauerant
1384 3149 1396 3165 ,
1423 3137 1465 3160 ne
1485 3125 1802 3161 commacularentur
1819 3127 1907 3162 alio-

1116 3187 1188 3208 rum
1209 3173 1371 3209 sordibus.
1385 3204 1389 3207 ,
1403 3174 1508 3209 Porro
1520 3192 1531 3214 v‚
1552 3173 1636 3221 quid
1651 3174 1797 3210 accidit?
1824 3177 1908 3212 Do..

1116 3224 1225 3257 minus
1246 3233 1305 3257 eos
1325 3235 1401 3258 cum
1411 3235 1478 3258 tam
1495 3224 1662 3271 arroganti
1683 3234 1798 3269 coepto
1810 3224 1906 3262 diffi-

1113 3273 1218 3319 panit.
1241 3271 1340 3307 :Hinc
1348 3283 1430 3320 ergo
1439 3284 1634 3309 moneamur
1645 3270 1719 3317 cum
1728 3271 1787 3309 sub
1796 3271 1904 3359 {Regii-e

1833 3335 1852 3359 u
1878 3335 1902 3373 ῃ
