<?xml version="1.0" encoding="UTF-8"?>
<!DOCTYPE html PUBLIC "-//W3C//DTD XHTML 1.0 Transitional//EN"
    "http://www.w3.org/TR/xhtml1/DTD/xhtml1-transitional.dtd">
<html xmlns="http://www.w3.org/1999/xhtml" xml:lang="en" lang="en">
 <head>
  <title>
</title>
<meta http-equiv="Content-Type" content="text/html;charset=utf-8" />
  <meta name='ocr-system' content='tesseract 3.04.00' />
  <meta name='ocr-capabilities' content='ocr_page ocr_carea ocr_par ocr_line ocrx_word'/>
</head>
<body>
  <div class='ocr_page' id='page_1' title='image "./ioanniscalvinitr00calv_0666.png"; bbox 0 0 2113 3674; ppageno 0'>
   <div class='ocr_carea' id='block_1_1' title="bbox 222 170 1082 3308">
    <p class='ocr_par' dir='ltr' id='par_1_1' title="bbox 222 170 1082 3308">
     <span class='ocr_line' id='line_1_1' title="bbox 234 170 298 214; baseline -0.016 -12"><span class='ocrx_word' id='word_1_1' title='bbox 234 170 298 214; x_wconf 76' lang='lat'>550</span> 
     </span>
     <span class='ocr_line' id='line_1_2' title="bbox 241 217 1035 267; baseline -0.01 -4"><span class='ocrx_word' id='word_1_2' title='bbox 241 224 402 263; x_wconf 88' lang='lat' dir='ltr'>niendum</span> <span class='ocrx_word' id='word_1_3' title='bbox 422 222 479 259; x_wconf 85' lang='lat' dir='ltr'>est.</span> <span class='ocrx_word' id='word_1_4' title='bbox 508 218 637 259; x_wconf 71' lang='lat' dir='ltr'>‚Verum</span> <span class='ocrx_word' id='word_1_5' title='bbox 669 217 728 254; x_wconf 89' lang='lat' dir='ltr'>ista</span> <span class='ocrx_word' id='word_1_6' title='bbox 745 219 881 267; x_wconf 77' lang='lat' dir='ltr'>quidem</span> <span class='ocrx_word' id='word_1_7' title='bbox 902 218 1035 255; x_wconf 43' lang='lat' dir='ltr'>desitis</span> 
     </span>
     <span class='ocr_line' id='line_1_3' title="bbox 244 266 1034 318; baseline -0.011 -7"><span class='ocrx_word' id='word_1_8' title='bbox 244 288 286 313; x_wconf 85' lang='lat' dir='ltr'>na</span> <span class='ocrx_word' id='word_1_9' title='bbox 299 273 458 310; x_wconf 87' lang='lat' dir='ltr'>omnibus</span> <span class='ocrx_word' id='word_1_10' title='bbox 479 268 632 305; x_wconf 85' lang='lat' dir='ltr'>fidelibus</span> <span class='ocrx_word' id='word_1_11' title='bbox 655 266 882 318; x_wconf 64' lang='lat' dir='ltr'>perfamiliaris</span> <span class='ocrx_word' id='word_1_12' title='bbox 901 267 961 303; x_wconf 82' lang='lat' dir='ltr'>esse</span> <span class='ocrx_word' id='word_1_13' title='bbox 973 269 1034 302; x_wconf 93' lang='lat' dir='ltr'>de-</span> 
     </span>
     <span class='ocr_line' id='line_1_4' title="bbox 243 319 1034 366; baseline -0.01 -7"><span class='ocrx_word' id='word_1_14' title='bbox 243 323 303 359; x_wconf 84' lang='lat' dir='ltr'>bet</span> <span class='ocrx_word' id='word_1_15' title='bbox 321 334 357 358; x_wconf 89' lang='lat' dir='ltr'>vt</span> <span class='ocrx_word' id='word_1_16' title='bbox 373 322 403 357; x_wconf 93' lang='lat' dir='ltr'>se</span> <span class='ocrx_word' id='word_1_17' title='bbox 423 328 618 366; x_wconf 81' lang='lat' dir='ltr'>comparent</span> <span class='ocrx_word' id='word_1_18' title='bbox 635 329 672 353; x_wconf 88' lang='lat' dir='ltr'>ac</span> <span class='ocrx_word' id='word_1_19' title='bbox 694 319 845 353; x_wconf 88' lang='lat' dir='ltr'>muniant</span> <span class='ocrx_word' id='word_1_20' title='bbox 867 329 982 356; x_wconf 75' lang='lat' dir='ltr'>contra</span> <span class='ocrx_word' id='word_1_21' title='bbox 993 329 1034 351; x_wconf 89' lang='lat' dir='ltr'>o·-</span> 
     </span>
     <span class='ocr_line' id='line_1_5' title="bbox 245 367 1037 415; baseline -0.01 -8"><span class='ocrx_word' id='word_1_22' title='bbox 245 385 340 415; x_wconf 83' lang='lat' dir='ltr'>mnes</span> <span class='ocrx_word' id='word_1_23' title='bbox 360 371 560 405; x_wconf 80' lang='lat' dir='ltr'>tentationes</span> <span class='ocrx_word' id='word_1_24' title='bbox 578 390 589 408; x_wconf 87' lang='lat'>,</span> <span class='ocrx_word' id='word_1_25' title='bbox 607 379 686 414; x_wconf 88' lang='lat' dir='ltr'>quas</span> <span class='ocrx_word' id='word_1_26' title='bbox 703 369 798 403; x_wconf 81' lang='lat' dir='ltr'>Satan</span> <span class='ocrx_word' id='word_1_27' title='bbox 817 369 912 402; x_wconf 88' lang='lat' dir='ltr'>omni</span> <span class='ocrx_word' id='word_1_28' title='bbox 930 367 1037 402; x_wconf 81' lang='lat' dir='ltr'>tatio-</span> 
     </span>
     <span class='ocr_line' id='line_1_6' title="bbox 248 414 1037 466; baseline -0.013 -9"><span class='ocrx_word' id='word_1_29' title='bbox 248 434 292 466; x_wconf 78' lang='lat' dir='ltr'>ne</span> <span class='ocrx_word' id='word_1_30' title='bbox 304 420 413 456; x_wconf 86' lang='lat' dir='ltr'>moliri</span> <span class='ocrx_word' id='word_1_31' title='bbox 423 419 547 466; x_wconf 87' lang='lat' dir='ltr'>poterit</span> <span class='ocrx_word' id='word_1_32' title='bbox 558 440 568 457; x_wconf 89' lang='lat'><strong>‚</strong></span> <span class='ocrx_word' id='word_1_33' title='bbox 586 417 624 457; x_wconf 78' lang='lat' dir='ltr'>ad</span> <span class='ocrx_word' id='word_1_34' title='bbox 636 417 946 464; x_wconf 84' lang='lat' dir='ltr'>interrumpendum</span> <span class='ocrx_word' id='word_1_35' title='bbox 957 414 1037 453; x_wconf 76' lang='lat' dir='ltr'>illud</span> 
     </span>
     <span class='ocr_line' id='line_1_7' title="bbox 247 462 1038 517; baseline -0.011 -11"><span class='ocrx_word' id='word_1_36' title='bbox 247 470 310 506; x_wconf 85' lang='lat' dir='ltr'>iter</span> <span class='ocrx_word' id='word_1_37' title='bbox 320 493 330 509; x_wconf 91' lang='lat'>,</span> <span class='ocrx_word' id='word_1_38' title='bbox 347 481 415 517; x_wconf 88' lang='lat' dir='ltr'>quo</span> <span class='ocrx_word' id='word_1_39' title='bbox 427 468 460 502; x_wconf 89' lang='lat' dir='ltr'>hi</span> <span class='ocrx_word' id='word_1_40' title='bbox 473 467 512 502; x_wconf 87' lang='lat' dir='ltr'>ad</span> <span class='ocrx_word' id='word_1_41' title='bbox 525 468 638 502; x_wconf 87' lang='lat' dir='ltr'>Deum</span> <span class='ocrx_word' id='word_1_42' title='bbox 651 466 869 501; x_wconf 82' lang='lat' dir='ltr'>deducuntur.</span> <span class='ocrx_word' id='word_1_43' title='bbox 886 466 941 503; x_wconf 22' lang='lat' dir='ltr'>ssEt</span> <span class='ocrx_word' id='word_1_44' title='bbox 950 462 1038 500; x_wconf 71' lang='lat' dir='ltr'>certe</span> 
     </span>
     <span class='ocr_line' id='line_1_8' title="bbox 248 514 1043 566; baseline -0.009 -13"><span class='ocrx_word' id='word_1_45' title='bbox 248 520 440 566; x_wconf 79' lang='lat' dir='ltr'>quicunque</span> <span class='ocrx_word' id='word_1_46' title='bbox 461 517 494 550; x_wconf 89' lang='lat' dir='ltr'>in</span> <span class='ocrx_word' id='word_1_47' title='bbox 515 515 589 555; x_wconf 57' lang='lat' dir='ltr'>hoc,</span> <span class='ocrx_word' id='word_1_48' title='bbox 604 526 708 557; x_wconf 72' lang='lat' dir='ltr'>vnum</span> <span class='ocrx_word' id='word_1_49' title='bbox 727 514 872 551; x_wconf 82' lang='lat' dir='ltr'>fideliter</span> <span class='ocrx_word' id='word_1_50' title='bbox 892 515 1043 562; x_wconf 41' lang='lat' dir='ltr'>diligen-⁷</span> 
     </span>
     <span class='ocr_line' id='line_1_9' title="bbox 247 564 1040 615; baseline -0.013 -11"><span class='ocrx_word' id='word_1_51' title='bbox 247 567 364 615; x_wconf 70' lang='lat' dir='ltr'>terque</span> <span class='ocrx_word' id='word_1_52' title='bbox 376 564 596 603; x_wconf 84' lang='lat' dir='ltr'>incumbunt,</span> <span class='ocrx_word' id='word_1_53' title='bbox 610 574 646 598; x_wconf 80' lang='lat' dir='ltr'>vt</span> <span class='ocrx_word' id='word_1_54' title='bbox 662 566 774 600; x_wconf 88' lang='lat' dir='ltr'>Deum</span> <span class='ocrx_word' id='word_1_55' title='bbox 790 565 964 612; x_wconf 62' lang='lat' dir='ltr'>,inquirant</span> <span class='ocrx_word' id='word_1_56' title='bbox 975 585 986 602; x_wconf 85' lang='lat'>‚</span> <span class='ocrx_word' id='word_1_57' title='bbox 1003 573 1040 594; x_wconf 92' lang='lat' dir='ltr'>e—</span> 
     </span>
     <span class='ocr_line' id='line_1_10' title="bbox 248 613 1038 660; baseline -0.009 -9"><span class='ocrx_word' id='word_1_58' title='bbox 248 618 329 652; x_wconf 84' lang='lat' dir='ltr'>tiam</span> <span class='ocrx_word' id='word_1_59' title='bbox 341 615 367 651; x_wconf 51' lang='lat' dir='ltr'>si¹</span> <span class='ocrx_word' id='word_1_60' title='bbox 388 628 497 654; x_wconf 80' lang='lat' dir='ltr'>exeo,</span> <span class='ocrx_word' id='word_1_61' title='bbox 521 615 554 649; x_wconf 92' lang='lat' dir='ltr'>in</span> <span class='ocrx_word' id='word_1_62' title='bbox 573 625 640 660; x_wconf 87' lang='lat' dir='ltr'>quo</span> <span class='ocrx_word' id='word_1_63' title='bbox 651 613 723 649; x_wconf 81' lang='lat' dir='ltr'>sunt</span> <span class='ocrx_word' id='word_1_64' title='bbox 741 614 836 652; x_wconf 87' lang='lat' dir='ltr'>loco,</span> <span class='ocrx_word' id='word_1_65' title='bbox 856 623 924 647; x_wconf 88' lang='lat' dir='ltr'>non</span> <span class='ocrx_word' id='word_1_66' title='bbox 942 624 1038 646; x_wconf 91' lang='lat' dir='ltr'>com-</span> 
     </span>
     <span class='ocr_line' id='line_1_11' title="bbox 246 657 1046 706; baseline -0.011 -5"><span class='ocrx_word' id='word_1_67' title='bbox 246 664 562 706; x_wconf 80' lang='lat' dir='ltr'>moueantur,multa</span> <span class='ocrx_word' id='word_1_68' title='bbox 574 662 746 699; x_wconf 80' lang='lat' dir='ltr'>&amp;molesta</span> <span class='ocrx_word' id='word_1_69' title='bbox 758 661 973 701; x_wconf 86' lang='lat' dir='ltr'>incommoda</span> <span class='ocrx_word' id='word_1_70' title='bbox 985 657 1046 693; x_wconf 72' lang='lat' dir='ltr'>of-³</span> 
     </span>
     <span class='ocr_line' id='line_1_12' title="bbox 248 709 1046 761; baseline -0.009 -12"><span class='ocrx_word' id='word_1_71' title='bbox 248 712 414 754; x_wconf 78' lang='lat' dir='ltr'>fendunt,</span> <span class='ocrx_word' id='word_1_72' title='bbox 434 726 498 761; x_wconf 84' lang='lat' dir='ltr'>qua</span> <span class='ocrx_word' id='word_1_73' title='bbox 519 711 613 748; x_wconf 73' lang='lat' dir='ltr'>facile</span> <span class='ocrx_word' id='word_1_74' title='bbox 633 724 689 749; x_wconf 93' lang='lat' dir='ltr'>eos</span> <span class='ocrx_word' id='word_1_75' title='bbox 709 710 837 758; x_wconf 83' lang='lat' dir='ltr'>possent</span> <span class='ocrx_word' id='word_1_76' title='bbox 857 709 1046 748; x_wconf 49' lang='lat' dir='ltr'>refleffiierer</span> 
     </span>
     <span class='ocr_line' id='line_1_13' title="bbox 247 756 1041 811; baseline -0.009 -13"><span class='ocrx_word' id='word_1_77' title='bbox 247 775 348 811; x_wconf 86' lang='lat' dir='ltr'>atque</span> <span class='ocrx_word' id='word_1_78' title='bbox 365 764 401 801; x_wconf 81' lang='lat' dir='ltr'>in</span> <span class='ocrx_word' id='word_1_79' title='bbox 412 763 614 798; x_wconf 83' lang='lat' dir='ltr'>contrariam</span> <span class='ocrx_word' id='word_1_80' title='bbox 631 772 758 808; x_wconf 86' lang='lat' dir='ltr'>partem</span> <span class='ocrx_word' id='word_1_81' title='bbox 777 771 929 796; x_wconf 87' lang='lat' dir='ltr'>reuocare</span> <span class='ocrx_word' id='word_1_82' title='bbox 949 782 959 798; x_wconf 93' lang='lat'><strong>,</strong></span> <span class='ocrx_word' id='word_1_83' title='bbox 981 756 1041 792; x_wconf 85' lang='lat' dir='ltr'>nisi</span> 
     </span>
     <span class='ocr_line' id='line_1_14' title="bbox 247 808 1044 858; baseline -0.01 -10"><span class='ocrx_word' id='word_1_84' title='bbox 247 811 513 847; x_wconf 83' lang='lat' dir='ltr'>adrefistendum</span> <span class='ocrx_word' id='word_1_85' title='bbox 533 809 668 845; x_wconf 87' lang='lat' dir='ltr'>firmum</span> <span class='ocrx_word' id='word_1_86' title='bbox 686 822 722 844; x_wconf 88' lang='lat' dir='ltr'>ac</span> <span class='ocrx_word' id='word_1_87' title='bbox 741 820 886 858; x_wconf 84' lang='lat' dir='ltr'>paratum</span> <span class='ocrx_word' id='word_1_88' title='bbox 897 808 1044 842; x_wconf 87' lang='lat' dir='ltr'>animum</span> 
     </span>
     <span class='ocr_line' id='line_1_15' title="bbox 248 854 1049 905; baseline -0.009 -9"><span class='ocrx_word' id='word_1_89' title='bbox 248 860 427 901; x_wconf 75' lang='lat' dir='ltr'>haberent.</span> <span class='ocrx_word' id='word_1_90' title='bbox 467 860 528 895; x_wconf 87' lang='lat' dir='ltr'>Sed</span> <span class='ocrx_word' id='word_1_91' title='bbox 553 870 602 893; x_wconf 86' lang='lat' dir='ltr'>res</span> <span class='ocrx_word' id='word_1_92' title='bbox 633 857 849 894; x_wconf 61' lang='lat' dir='ltr'>miseratione&gt;</span> <span class='ocrx_word' id='word_1_93' title='bbox 861 857 962 905; x_wconf 86' lang='lat' dir='ltr'>digna</span> <span class='ocrx_word' id='word_1_94' title='bbox 983 854 1049 894; x_wconf 85' lang='lat' dir='ltr'>est,·</span> 
     </span>
     <span class='ocr_line' id='line_1_16' title="bbox 249 905 1042 959; baseline -0.01 -13"><span class='ocrx_word' id='word_1_95' title='bbox 249 910 496 959; x_wconf 60' lang='lat' dir='ltr'>quod-maxima</span> <span class='ocrx_word' id='word_1_96' title='bbox 511 914 628 945; x_wconf 82' lang='lat' dir='ltr'>eorur&#39;n</span> <span class='ocrx_word' id='word_1_97' title='bbox 648 919 739 955; x_wconf 67' lang='lat' dir='ltr'>pam,</span> <span class='ocrx_word' id='word_1_98' title='bbox 758 905 1042 954; x_wconf 65' lang='lat' dir='ltr'>quemadmodum</span> 
     </span>
     <span class='ocr_line' id='line_1_17' title="bbox 250 954 1044 1003; baseline -0.011 -8"><span class='ocrx_word' id='word_1_99' title='bbox 250 960 317 1003; x_wconf 75' lang='lat' dir='ltr'>iarn</span> <span class='ocrx_word' id='word_1_100' title='bbox 327 956 612 1001; x_wconf 79' lang='lat' dir='ltr'>dixi‚succumbit</span> <span class='ocrx_word' id='word_1_101' title='bbox 622 957 662 991; x_wconf 91' lang='lat' dir='ltr'>iis</span> <span class='ocrx_word' id='word_1_102' title='bbox 672 954 924 992; x_wconf 88' lang='lat' dir='ltr'>difficultatibus</span> <span class='ocrx_word' id='word_1_103' title='bbox 939 976 950 993; x_wconf 87' lang='lat'><strong>,</strong></span> <span class='ocrx_word' id='word_1_104' title='bbox 972 964 1044 1000; x_wconf 89' lang='lat' dir='ltr'>quae</span> 
     </span>
     <span class='ocr_line' id='line_1_18' title="bbox 250 1000 1045 1057; baseline -0.009 -13"><span class='ocrx_word' id='word_1_105' title='bbox 250 1008 331 1057; x_wconf 86' lang='lat' dir='ltr'>ipsis</span> <span class='ocrx_word' id='word_1_106' title='bbox 350 1010 384 1043; x_wconf 89' lang='lat' dir='ltr'>in</span> <span class='ocrx_word' id='word_1_107' title='bbox 406 1008 458 1042; x_wconf 90' lang='lat' dir='ltr'>via</span> <span class='ocrx_word' id='word_1_108' title='bbox 475 1006 693 1041; x_wconf 87' lang='lat' dir='ltr'>obiiciuntur.</span> <span class='ocrx_word' id='word_1_109' title='bbox 719 1004 783 1052; x_wconf 90' lang='lat' dir='ltr'>Ipsi</span> <span class='ocrx_word' id='word_1_110' title='bbox 803 1003 938 1051; x_wconf 90' lang='lat' dir='ltr'>quidem</span> <span class='ocrx_word' id='word_1_111' title='bbox 960 1000 1045 1038; x_wconf 87' lang='lat' dir='ltr'>fate-</span> 
     </span>
     <span class='ocr_line' id='line_1_19' title="bbox 249 1052 1050 1100; baseline -0.01 -7"><span class='ocrx_word' id='word_1_112' title='bbox 249 1057 428 1093; x_wconf 79' lang='lat' dir='ltr'>bunturita</span> <span class='ocrx_word' id='word_1_113' title='bbox 447 1054 634 1090; x_wconf 88' lang='lat' dir='ltr'>faciendum</span> <span class='ocrx_word' id='word_1_114' title='bbox 647 1053 726 1094; x_wconf 82' lang='lat' dir='ltr'>effe,</span> <span class='ocrx_word' id='word_1_115' title='bbox 754 1065 851 1100; x_wconf 87' lang='lat' dir='ltr'>atque</span> <span class='ocrx_word' id='word_1_116' title='bbox 866 1052 905 1087; x_wconf 89' lang='lat' dir='ltr'>ad</span> <span class='ocrx_word' id='word_1_117' title='bbox 917 1053 979 1086; x_wconf 89' lang='lat' dir='ltr'>iter</span> <span class='ocrx_word' id='word_1_118' title='bbox 990 1052 1050 1098; x_wconf 68' lang='lat' dir='ltr'>in-⁴</span> 
     </span>
     <span class='ocr_line' id='line_1_20' title="bbox 251 1098 1046 1156; baseline -0.01 -14"><span class='ocrx_word' id='word_1_119' title='bbox 251 1104 572 1156; x_wconf 77' lang='lat' dir='ltr'>grediendumbene</span> <span class='ocrx_word' id='word_1_120' title='bbox 583 1104 687 1152; x_wconf 85' lang='lat' dir='ltr'>parati</span> <span class='ocrx_word' id='word_1_121' title='bbox 699 1101 907 1149; x_wconf 71' lang='lat' dir='ltr'>accinch&#39;que</span> <span class='ocrx_word' id='word_1_122' title='bbox 919 1098 979 1135; x_wconf 79' lang='lat' dir='ltr'>esse</span> <span class='ocrx_word' id='word_1_123' title='bbox 992 1101 1046 1134; x_wconf 90' lang='lat' dir='ltr'>vi-</span> 
     </span>
     <span class='ocr_line' id='line_1_21' title="bbox 251 1149 1046 1200; baseline -0.01 -9"><span class='ocrx_word' id='word_1_124' title='bbox 251 1154 419 1198; x_wconf 75' lang='lat' dir='ltr'>debuntur</span> <span class='ocrx_word' id='word_1_125' title='bbox 432 1168 444 1194; x_wconf 70' lang='grc' dir='ltr'>ι,</span> <span class='ocrx_word' id='word_1_126' title='bbox 462 1153 514 1188; x_wconf 86' lang='lat' dir='ltr'>sed</span> <span class='ocrx_word' id='word_1_127' title='bbox 527 1153 677 1200; x_wconf 90' lang='lat' dir='ltr'>vbiopus</span> <span class='ocrx_word' id='word_1_128' title='bbox 695 1152 760 1191; x_wconf 89' lang='lat' dir='ltr'>est,</span> <span class='ocrx_word' id='word_1_129' title='bbox 772 1164 828 1186; x_wconf 89' lang='lat' dir='ltr'>eos</span> <span class='ocrx_word' id='word_1_130' title='bbox 840 1151 970 1184; x_wconf 88' lang='lat' dir='ltr'>animus</span> <span class='ocrx_word' id='word_1_131' title='bbox 984 1149 1046 1184; x_wconf 87' lang='lat' dir='ltr'>de-</span> 
     </span>
     <span class='ocr_line' id='line_1_22' title="bbox 251 1197 1047 1250; baseline -0.009 -10"><span class='ocrx_word' id='word_1_132' title='bbox 251 1204 343 1240; x_wconf 84' lang='lat' dir='ltr'>ficit:</span> <span class='ocrx_word' id='word_1_133' title='bbox 359 1214 457 1250; x_wconf 91' lang='lat' dir='ltr'>atque</span> <span class='ocrx_word' id='word_1_134' title='bbox 469 1203 561 1250; x_wconf 25' lang='lat' dir='ltr'>ij‘qui</span> <span class='ocrx_word' id='word_1_135' title='bbox 573 1201 723 1249; x_wconf 74' lang='lat' dir='ltr'>praeclare</span> <span class='ocrx_word' id='word_1_136' title='bbox 734 1199 805 1234; x_wconf 89' lang='lat' dir='ltr'>sunt</span> <span class='ocrx_word' id='word_1_137' title='bbox 817 1197 950 1247; x_wconf 85' lang='lat' dir='ltr'>ingreffi</span> <span class='ocrx_word' id='word_1_138' title='bbox 961 1221 972 1239; x_wconf 90' lang='lat'><strong>,</strong></span> <span class='ocrx_word' id='word_1_139' title='bbox 990 1208 1047 1234; x_wconf 84' lang='lat' dir='ltr'>vt-</span> 
     </span>
     <span class='ocr_line' id='line_1_23' title="bbox 251 1247 1046 1302; baseline -0.006 -14"><span class='ocrx_word' id='word_1_140' title='bbox 251 1254 433 1302; x_wconf 85' lang='lat' dir='ltr'>plurimum</span> <span class='ocrx_word' id='word_1_141' title='bbox 445 1252 479 1286; x_wconf 91' lang='lat' dir='ltr'>in</span> <span class='ocrx_word' id='word_1_142' title='bbox 493 1251 602 1287; x_wconf 88' lang='lat' dir='ltr'>media</span> <span class='ocrx_word' id='word_1_143' title='bbox 620 1250 674 1286; x_wconf 87' lang='lat' dir='ltr'>via</span> <span class='ocrx_word' id='word_1_144' title='bbox 693 1247 856 1285; x_wconf 80' lang='lat' dir='ltr'>fatiscunt.</span> <span class='ocrx_word' id='word_1_145' title='bbox 879 1248 932 1282; x_wconf 77' lang='lat' dir='ltr'>Eo</span> <span class='ocrx_word' id='word_1_146' title='bbox 943 1247 1046 1296; x_wconf 81' lang='lat' dir='ltr'>magis</span> 
     </span>
     <span class='ocr_line' id='line_1_24' title="bbox 252 1296 1049 1351; baseline -0.01 -12"><span class='ocrx_word' id='word_1_147' title='bbox 252 1303 358 1351; x_wconf 81' lang='lat' dir='ltr'>igitur</span> <span class='ocrx_word' id='word_1_148' title='bbox 368 1302 433 1336; x_wconf 90' lang='lat' dir='ltr'>hoc</span> <span class='ocrx_word' id='word_1_149' title='bbox 444 1300 684 1338; x_wconf 82' lang='lat' dir='ltr'>documentum</span> <span class='ocrx_word' id='word_1_150' title='bbox 697 1298 910 1333; x_wconf 88' lang='lat' dir='ltr'>recolendum</span> <span class='ocrx_word' id='word_1_151' title='bbox 921 1296 968 1332; x_wconf 89' lang='lat' dir='ltr'>est</span> <span class='ocrx_word' id='word_1_152' title='bbox 979 1320 990 1337; x_wconf 88' lang='lat'><strong>,</strong></span> <span class='ocrx_word' id='word_1_153' title='bbox 1012 1307 1049 1332; x_wconf 76' lang='lat' dir='ltr'>Vt</span> 
     </span>
     <span class='ocr_line' id='line_1_25' title="bbox 252 1345 1049 1400; baseline -0.009 -13"><span class='ocrx_word' id='word_1_154' title='bbox 252 1361 374 1400; x_wconf 79' lang='lat' dir='ltr'>puteos</span> <span class='ocrx_word' id='word_1_155' title='bbox 385 1348 549 1391; x_wconf 78' lang='lat' dir='ltr'>fodiamus</span> <span class='ocrx_word' id='word_1_156' title='bbox 562 1372 574 1388; x_wconf 88' lang='lat'>‚</span> <span class='ocrx_word' id='word_1_157' title='bbox 587 1348 652 1387; x_wconf 68' lang='lat' dir='ltr'>hoc</span> <span class='ocrx_word' id='word_1_158' title='bbox 666 1347 711 1383; x_wconf 87' lang='lat' dir='ltr'>est</span> <span class='ocrx_word' id='word_1_159' title='bbox 721 1358 780 1387; x_wconf 22' lang='lat' dir='ltr'>‚ivt</span> <span class='ocrx_word' id='word_1_160' title='bbox 797 1357 978 1394; x_wconf 86' lang='lat' dir='ltr'>quaeramus</span> <span class='ocrx_word' id='word_1_161' title='bbox 988 1345 1049 1380; x_wconf 86' lang='lat' dir='ltr'>ad-</span> 
     </span>
     <span class='ocr_line' id='line_1_26' title="bbox 254 1393 1049 1442; baseline -0.009 -6"><span class='ocrx_word' id='word_1_162' title='bbox 254 1402 404 1441; x_wconf 85' lang='lat' dir='ltr'>iumenta</span> <span class='ocrx_word' id='word_1_163' title='bbox 422 1398 521 1434; x_wconf 84' lang='lat' dir='ltr'>etiam</span> <span class='ocrx_word' id='word_1_164' title='bbox 539 1397 639 1433; x_wconf 86' lang='lat' dir='ltr'>nobis</span> <span class='ocrx_word' id='word_1_165' title='bbox 653 1397 765 1431; x_wconf 68' lang='lat' dir='ltr'>abdita</span> <span class='ocrx_word' id='word_1_166' title='bbox 788 1406 888 1442; x_wconf 88' lang='lat' dir='ltr'>atque</span> <span class='ocrx_word' id='word_1_167' title='bbox 899 1393 1049 1435; x_wconf 85' lang='lat' dir='ltr'>obscura,</span> 
     </span>
     <span class='ocr_line' id='line_1_27' title="bbox 253 1441 1050 1495; baseline -0.01 -10"><span class='ocrx_word' id='word_1_168' title='bbox 253 1461 292 1485; x_wconf 89' lang='lat' dir='ltr'>vt</span> <span class='ocrx_word' id='word_1_169' title='bbox 305 1449 390 1488; x_wconf 67' lang='lat' dir='ltr'>vltra</span> <span class='ocrx_word' id='word_1_170' title='bbox 405 1447 529 1495; x_wconf 84' lang='lat' dir='ltr'>semper</span> <span class='ocrx_word' id='word_1_171' title='bbox 547 1458 683 1495; x_wconf 80' lang='lat' dir='ltr'>pergere</span> <span class='ocrx_word' id='word_1_172' title='bbox 695 1459 731 1480; x_wconf 80' lang='lat' dir='ltr'>ac</span> <span class='ocrx_word' id='word_1_173' title='bbox 750 1444 930 1492; x_wconf 86' lang='lat' dir='ltr'>procedere</span> <span class='ocrx_word' id='word_1_174' title='bbox 947 1441 1050 1491; x_wconf 87' lang='lat' dir='ltr'>poffi-</span> 
     </span>
     <span class='ocr_line' id='line_1_28' title="bbox 254 1491 1051 1542; baseline -0.01 -8"><span class='ocrx_word' id='word_1_175' title='bbox 254 1511 340 1534; x_wconf 86' lang='lat' dir='ltr'>mus.</span> <span class='ocrx_word' id='word_1_176' title='bbox 363 1498 535 1534; x_wconf 82' lang='lat' dir='ltr'>Enitamur</span> <span class='ocrx_word' id='word_1_177' title='bbox 552 1519 563 1536; x_wconf 87' lang='lat'>‚</span> <span class='ocrx_word' id='word_1_178' title='bbox 590 1496 725 1542; x_wconf 89' lang='lat' dir='ltr'>inquam</span> <span class='ocrx_word' id='word_1_179' title='bbox 744 1517 755 1534; x_wconf 87' lang='lat'>,</span> <span class='ocrx_word' id='word_1_180' title='bbox 777 1495 877 1540; x_wconf 77' lang='lat' dir='ltr'>a&#39;tque</span> <span class='ocrx_word' id='word_1_181' title='bbox 896 1491 989 1540; x_wconf 87' lang='lat' dir='ltr'>supra</span> <span class='ocrx_word' id='word_1_182' title='bbox 1008 1505 1051 1527; x_wconf 91' lang='lat' dir='ltr'>o-</span> 
     </span>
     <span class='ocr_line' id='line_1_29' title="bbox 255 1541 1052 1589; baseline -0.009 -6"><span class='ocrx_word' id='word_1_183' title='bbox 255 1560 370 1589; x_wconf 85' lang='lat' dir='ltr'>mnem</span> <span class='ocrx_word' id='word_1_184' title='bbox 383 1545 560 1581; x_wconf 85' lang='lat' dir='ltr'>humanam</span> <span class='ocrx_word' id='word_1_185' title='bbox 570 1545 729 1580; x_wconf 87' lang='lat' dir='ltr'>virtutem</span> <span class='ocrx_word' id='word_1_186' title='bbox 747 1541 1001 1578; x_wconf 86' lang='lat' dir='ltr'>contendamus.</span> <span class='ocrx_word' id='word_1_187' title='bbox 1018 1541 1052 1577; x_wconf 90' lang='lat' dir='ltr'>Si</span> 
     </span>
     <span class='ocr_line' id='line_1_30' title="bbox 255 1591 1052 1635; baseline -0.009 -4"><span class='ocrx_word' id='word_1_188' title='bbox 255 1609 306 1633; x_wconf 89' lang='lat' dir='ltr'>res</span> <span class='ocrx_word' id='word_1_189' title='bbox 323 1594 579 1635; x_wconf 83' lang='lat' dir='ltr'>nonsuccedunt</span> <span class='ocrx_word' id='word_1_190' title='bbox 589 1606 625 1628; x_wconf 86' lang='lat' dir='ltr'>ex</span> <span class='ocrx_word' id='word_1_191' title='bbox 637 1591 813 1630; x_wconf 86' lang='lat' dir='ltr'>sententia,</span> <span class='ocrx_word' id='word_1_192' title='bbox 826 1603 868 1625; x_wconf 86' lang='lat' dir='ltr'>ue</span> <span class='ocrx_word' id='word_1_193' title='bbox 885 1602 996 1626; x_wconf 88' lang='lat' dir='ltr'>tamen</span> <span class='ocrx_word' id='word_1_194' title='bbox 1009 1603 1052 1625; x_wconf 93' lang='lat' dir='ltr'>o-</span> 
     </span>
     <span class='ocr_line' id='line_1_31' title="bbox 222 1638 1049 1694; baseline -0.007 -14"><span class='ocrx_word' id='word_1_195' title='bbox 222 1666 224 1668; x_wconf 97' lang='lat'>·</span> <span class='ocrx_word' id='word_1_196' title='bbox 256 1638 402 1694; x_wconf 59' lang='lat' dir='ltr'>primum</span> <span class='ocrx_word' id='word_1_197' title='bbox 413 1643 538 1679; x_wconf 89' lang='lat' dir='ltr'>cursum</span> <span class='ocrx_word' id='word_1_198' title='bbox 552 1666 563 1683; x_wconf 88' lang='lat'><strong>,</strong></span> <span class='ocrx_word' id='word_1_199' title='bbox 582 1643 618 1676; x_wconf 93' lang='lat' dir='ltr'>in</span> <span class='ocrx_word' id='word_1_200' title='bbox 639 1654 707 1689; x_wconf 89' lang='lat' dir='ltr'>quo</span> <span class='ocrx_word' id='word_1_201' title='bbox 725 1653 788 1675; x_wconf 89' lang='lat' dir='ltr'>nos</span> <span class='ocrx_word' id='word_1_202' title='bbox 813 1642 907 1675; x_wconf 91' lang='lat' dir='ltr'>Deus</span> <span class='ocrx_word' id='word_1_203' title='bbox 925 1639 1049 1687; x_wconf 87' lang='lat' dir='ltr'>posuit,</span> 
     </span>
     <span class='ocr_line' id='line_1_32' title="bbox 256 1689 1055 1741; baseline -0.008 -11"><span class='ocrx_word' id='word_1_204' title='bbox 256 1707 333 1730; x_wconf 87' lang='lat' dir='ltr'>cum</span> <span class='ocrx_word' id='word_1_205' title='bbox 346 1693 503 1741; x_wconf 74' lang='lat' dir='ltr'>patientia</span> <span class='ocrx_word' id='word_1_206' title='bbox 523 1690 672 1739; x_wconf 80' lang='lat' dir='ltr'>persequi</span> <span class='ocrx_word' id='word_1_207' title='bbox 694 1689 890 1726; x_wconf 81' lang='lat' dir='ltr'>desistamus.</span> <span class='ocrx_word' id='word_1_208' title='bbox 914 1691 1055 1725; x_wconf 74' lang='lat' dir='ltr'>eertum</span> 
     </span>
     <span class='ocr_line' id='line_1_33' title="bbox 257 1737 1052 1789; baseline -0.006 -10"><span class='ocrx_word' id='word_1_209' title='bbox 257 1743 305 1780; x_wconf 81' lang='lat' dir='ltr'>est</span> <span class='ocrx_word' id='word_1_210' title='bbox 315 1766 326 1784; x_wconf 82' lang='lat'>‚</span> <span class='ocrx_word' id='word_1_211' title='bbox 339 1741 444 1789; x_wconf 89' lang='lat' dir='ltr'>ipsum</span> <span class='ocrx_word' id='word_1_212' title='bbox 458 1741 481 1776; x_wconf 84' lang='lat' dir='ltr'>si</span> <span class='ocrx_word' id='word_1_213' title='bbox 492 1740 558 1776; x_wconf 86' lang='lat' dir='ltr'>fide</span> <span class='ocrx_word' id='word_1_214' title='bbox 570 1741 766 1775; x_wconf 78' lang='lat' dir='ltr'>inuocemus</span> <span class='ocrx_word' id='word_1_215' title='bbox 776 1762 787 1779; x_wconf 90' lang='lat'>,</span> <span class='ocrx_word' id='word_1_216' title='bbox 798 1737 886 1786; x_wconf 83' lang='lat' dir='ltr'>poffe</span> <span class='ocrx_word' id='word_1_217' title='bbox 898 1737 1052 1774; x_wconf 84' lang='lat' dir='ltr'>solitudi-</span> 
     </span>
     <span class='ocr_line' id='line_1_34' title="bbox 257 1788 1054 1836; baseline -0.008 -8"><span class='ocrx_word' id='word_1_218' title='bbox 257 1805 316 1836; x_wconf 68' lang='lat' dir='ltr'>nes</span> <span class='ocrx_word' id='word_1_219' title='bbox 325 1792 429 1827; x_wconf 83' lang='lat' dir='ltr'>aridas</span> <span class='ocrx_word' id='word_1_220' title='bbox 449 1792 484 1825; x_wconf 86' lang='lat' dir='ltr'>in</span> <span class='ocrx_word' id='word_1_221' title='bbox 505 1788 615 1825; x_wconf 86' lang='lat' dir='ltr'>fontes</span> <span class='ocrx_word' id='word_1_222' title='bbox 627 1799 832 1829; x_wconf 86' lang='lat' dir='ltr'>conuertere.</span> <span class='ocrx_word' id='word_1_223' title='bbox 857 1788 919 1823; x_wconf 90' lang='lat' dir='ltr'>Sed</span> <span class='ocrx_word' id='word_1_224' title='bbox 929 1788 1054 1823; x_wconf 82' lang='lat' dir='ltr'>interea</span> 
     </span>
     <span class='ocr_line' id='line_1_35' title="bbox 257 1837 1054 1891; baseline -0.008 -14"><span class='ocrx_word' id='word_1_225' title='bbox 257 1854 320 1891; x_wconf 83' lang='lat' dir='ltr'>pro</span> <span class='ocrx_word' id='word_1_226' title='bbox 337 1837 439 1885; x_wconf 69' lang='lat' dir='ltr'>offici}</span> <span class='ocrx_word' id='word_1_227' title='bbox 462 1839 561 1873; x_wconf 76' lang='lat' dir='ltr'>nostri</span> <span class='ocrx_word' id='word_1_228' title='bbox 583 1839 712 1876; x_wconf 82' lang='lat' dir='ltr'>ratione</span> <span class='ocrx_word' id='word_1_229' title='bbox 729 1837 909 1876; x_wconf 87' lang='lat' dir='ltr'>conuenit,</span> <span class='ocrx_word' id='word_1_230' title='bbox 933 1848 970 1872; x_wconf 88' lang='lat' dir='ltr'>vt</span> <span class='ocrx_word' id='word_1_231' title='bbox 990 1848 1054 1871; x_wconf 87' lang='lat' dir='ltr'>nos</span> 
     </span>
     <span class='ocr_line' id='line_1_36' title="bbox 257 1887 1065 1940; baseline -0.005 -15"><span class='ocrx_word' id='word_1_232' title='bbox 257 1903 400 1940; x_wconf 66' lang='lat' dir='ltr'>qupque.</span> <span class='ocrx_word' id='word_1_233' title='bbox 411 1901 545 1924; x_wconf 86' lang='lat' dir='ltr'>manum</span> <span class='ocrx_word' id='word_1_234' title='bbox 568 1889 663 1933; x_wconf 87' lang='lat' dir='ltr'>operi</span> <span class='ocrx_word' id='word_1_235' title='bbox 674 1887 922 1922; x_wconf 83' lang='lat' dir='ltr'>admoneamus.</span> <span class='ocrx_word' id='word_1_236' title='bbox 937 1889 1065 1933; x_wconf 67' lang='lat' dir='ltr'>ltaque</span> 
     </span>
     <span class='ocr_line' id='line_1_37' title="bbox 258 1934 1054 1983; baseline -0.005 -10"><span class='ocrx_word' id='word_1_237' title='bbox 258 1941 438 1982; x_wconf 62' lang='lat' dir='ltr'>vulgtDejus</span> <span class='ocrx_word' id='word_1_238' title='bbox 451 1934 837 1979; x_wconf 73' lang='lat' dir='ltr'>vtinertes.limus,instar</span> <span class='ocrx_word' id='word_1_239' title='bbox 848 1947 962 1969; x_wconf 91' lang='lat' dir='ltr'>eorum</span> <span class='ocrx_word' id='word_1_240' title='bbox 976 1936 1054 1983; x_wconf 89' lang='lat' dir='ltr'>qui-</span> 
     </span>
     <span class='ocr_line' id='line_1_38' title="bbox 259 1981 1055 2037; baseline -0.004 -15"><span class='ocrx_word' id='word_1_241' title='bbox 259 1987 451 2037; x_wconf 52' lang='lat' dir='ltr'>bufiunfeqslss</span> <span class='ocrx_word' id='word_1_242' title='bbox 470 1998 525 2033; x_wconf 90' lang='lat' dir='ltr'>pes</span> <span class='ocrx_word' id='word_1_243' title='bbox 542 2009 552 2024; x_wconf 87' lang='lat'>,</span> <span class='ocrx_word' id='word_1_244' title='bbox 575 1996 683 2032; x_wconf 90' lang='lat' dir='ltr'>neque</span> <span class='ocrx_word' id='word_1_245' title='bbox 701 1996 815 2018; x_wconf 88' lang='lat' dir='ltr'>manus</span> <span class='ocrx_word' id='word_1_246' title='bbox 835 1981 1055 2019; x_wconf 86' lang='lat' dir='ltr'>officium-fa·-</span> 
     </span>
     <span class='ocr_line' id='line_1_39' title="bbox 262 2031 1056 2080; baseline -0.01 -6"><span class='ocrx_word' id='word_1_247' title='bbox 262 2034 470 2079; x_wconf 23' lang='lat' dir='ltr'>ciuntjylgmo</span> <span class='ocrx_word' id='word_1_248' title='bbox 488 2034 566 2069; x_wconf 78' lang='lat' dir='ltr'>vero</span> <span class='ocrx_word' id='word_1_249' title='bbox 585 2035 677 2070; x_wconf 84' lang='lat' dir='ltr'>Deus</span> <span class='ocrx_word' id='word_1_250' title='bbox 689 2031 802 2072; x_wconf 85' lang='lat' dir='ltr'>iubet,</span> <span class='ocrx_word' id='word_1_251' title='bbox 815 2043 850 2067; x_wconf 87' lang='lat' dir='ltr'>vt</span> <span class='ocrx_word' id='word_1_252' title='bbox 862 2044 978 2080; x_wconf 88' lang='lat' dir='ltr'>puteos</span> <span class='ocrx_word' id='word_1_253' title='bbox 990 2045 1056 2079; x_wconf 87' lang='lat' dir='ltr'>po-</span> 
     </span>
     <span class='ocr_line' id='line_1_40' title="bbox 261 2082 1068 2130; baseline -0.006 -8"><span class='ocrx_word' id='word_1_254' title='bbox 261 2088 330 2124; x_wconf 89' lang='lat' dir='ltr'>tius</span> <span class='ocrx_word' id='word_1_255' title='bbox 342 2085 519 2123; x_wconf 73' lang='lat' dir='ltr'>fodiamus.</span> <span class='ocrx_word' id='word_1_256' title='bbox 544 2082 871 2130; x_wconf 86' lang='lat' dir='ltr'>Labc·remus.igitur</span> <span class='ocrx_word' id='word_1_257' title='bbox 888 2082 1002 2116; x_wconf 86' lang='lat' dir='ltr'>tandiu</span> <span class='ocrx_word' id='word_1_258' title='bbox 1021 2082 1068 2117; x_wconf 72' lang='lat' dir='ltr'>in‘</span> 
     </span>
     <span class='ocr_line' id='line_1_41' title="bbox 263 2128 1057 2173; baseline -0.011 0"><span class='ocrx_word' id='word_1_259' title='bbox 263 2135 325 2172; x_wconf 87' lang='lat' dir='ltr'>hac</span> <span class='ocrx_word' id='word_1_260' title='bbox 335 2133 490 2173; x_wconf 76' lang='lat' dir='ltr'>foffione‚</span> <span class='ocrx_word' id='word_1_261' title='bbox 503 2133 609 2168; x_wconf 80' lang='lat' dir='ltr'>donec</span> <span class='ocrx_word' id='word_1_262' title='bbox 622 2130 813 2166; x_wconf 84' lang='lat' dir='ltr'>institutum</span> <span class='ocrx_word' id='word_1_263' title='bbox 823 2131 887 2165; x_wconf 90' lang='lat' dir='ltr'>iter</span> <span class='ocrx_word' id='word_1_264' title='bbox 900 2128 1057 2165; x_wconf 85' lang='lat' dir='ltr'>confece-</span> 
     </span>
     <span class='ocr_line' id='line_1_42' title="bbox 263 2178 1059 2227; baseline -0.01 -6"><span class='ocrx_word' id='word_1_265' title='bbox 263 2178 391 2227; x_wconf 69' lang='lat' dir='ltr'>rimus..</span> <span class='ocrx_word' id='word_1_266' title='bbox 402 2186 568 2218; x_wconf 89' lang='lat' dir='ltr'>Ponamus</span> <span class='ocrx_word' id='word_1_267' title='bbox 579 2179 626 2214; x_wconf 93' lang='lat' dir='ltr'>ob</span> <span class='ocrx_word' id='word_1_268' title='bbox 647 2192 686 2214; x_wconf 79' lang='lat' dir='ltr'>ot</span> <span class='ocrx_word' id='word_1_269' title='bbox 713 2180 763 2214; x_wconf 86' lang='lat' dir='ltr'>los</span> <span class='ocrx_word' id='word_1_270' title='bbox 775 2179 925 2214; x_wconf 85' lang='lat' dir='ltr'>miseram</span> <span class='ocrx_word' id='word_1_271' title='bbox 938 2179 1059 2214; x_wconf 91' lang='lat' dir='ltr'>condi-</span> 
     </span>
     <span class='ocr_line' id='line_1_43' title="bbox 264 2227 1066 2276; baseline -0.009 -6"><span class='ocrx_word' id='word_1_272' title='bbox 264 2236 396 2275; x_wconf 77' lang='lat' dir='ltr'>tionem</span> <span class='ocrx_word' id='word_1_273' title='bbox 407 2232 576 2269; x_wconf 87' lang='lat' dir='ltr'>rnilitum,</span> <span class='ocrx_word' id='word_1_274' title='bbox 597 2230 698 2276; x_wconf 86' lang='lat' dir='ltr'>quivi</span> <span class='ocrx_word' id='word_1_275' title='bbox 737 2242 769 2263; x_wconf 86' lang='lat' dir='ltr'>m</span> <span class='ocrx_word' id='word_1_276' title='bbox 789 2227 1066 2276; x_wconf 65' lang='lat' dir='ltr'>singulismensi-²</span> 
     </span>
     <span class='ocr_line' id='line_1_44' title="bbox 265 2277 1060 2328; baseline -0.009 -9"><span class='ocrx_word' id='word_1_277' title='bbox 265 2282 428 2319; x_wconf 75' lang='lat' dir='ltr'>busceroo</span> <span class='ocrx_word' id='word_1_278' title='bbox 441 2280 549 2328; x_wconf 89' lang='lat' dir='ltr'>pretio</span> <span class='ocrx_word' id='word_1_279' title='bbox 562 2278 723 2313; x_wconf 88' lang='lat' dir='ltr'>vendunt.</span> <span class='ocrx_word' id='word_1_280' title='bbox 739 2279 771 2312; x_wconf 91' lang='lat' dir='ltr'>Si</span> <span class='ocrx_word' id='word_1_281' title='bbox 782 2278 815 2312; x_wconf 89' lang='lat' dir='ltr'>in</span> <span class='ocrx_word' id='word_1_282' title='bbox 834 2277 1060 2324; x_wconf 82' lang='lat' dir='ltr'>castris,quam</span> 
     </span>
     <span class='ocr_line' id='line_1_45' title="bbox 267 2325 1061 2375; baseline -0.014 -7"><span class='ocrx_word' id='word_1_283' title='bbox 267 2330 438 2369; x_wconf 68' lang='lat' dir='ltr'>miseriam,</span> <span class='ocrx_word' id='word_1_284' title='bbox 447 2340 515 2364; x_wconf 84' lang='lat' dir='ltr'>non</span> <span class='ocrx_word' id='word_1_285' title='bbox 528 2327 695 2375; x_wconf 89' lang='lat' dir='ltr'>patiuntur</span> <span class='ocrx_word' id='word_1_286' title='bbox 704 2330 719 2360; x_wconf 83' lang='lat'><em>?</em></span> <span class='ocrx_word' id='word_1_287' title='bbox 732 2327 764 2363; x_wconf 86' lang='lat' dir='ltr'>Si</span> <span class='ocrx_word' id='word_1_288' title='bbox 775 2325 1061 2375; x_wconf 79' lang='lat' dir='ltr'>obfidentur,gra-</span> 
     </span>
     <span class='ocr_line' id='line_1_46' title="bbox 269 2375 1073 2426; baseline -0.012 -8"><span class='ocrx_word' id='word_1_289' title='bbox 269 2380 458 2418; x_wconf 80' lang='lat' dir='ltr'>uiusetiam</span> <span class='ocrx_word' id='word_1_290' title='bbox 478 2387 684 2426; x_wconf 88' lang='lat' dir='ltr'>premuntur.</span> <span class='ocrx_word' id='word_1_291' title='bbox 715 2377 748 2411; x_wconf 91' lang='lat' dir='ltr'>Si</span> <span class='ocrx_word' id='word_1_292' title='bbox 764 2377 798 2410; x_wconf 89' lang='lat' dir='ltr'>in</span> <span class='ocrx_word' id='word_1_293' title='bbox 811 2375 1073 2415; x_wconf 85' lang='lat' dir='ltr'>itinere‚nullis·</span> 
     </span>
     <span class='ocr_line' id='line_1_47' title="bbox 268 2424 1065 2479; baseline -0.01 -13"><span class='ocrx_word' id='word_1_294' title='bbox 268 2428 442 2479; x_wconf 76' lang='lat' dir='ltr'>algoribus.</span> <span class='ocrx_word' id='word_1_295' title='bbox 453 2437 507 2465; x_wconf 87' lang='lat' dir='ltr'>aut</span> <span class='ocrx_word' id='word_1_296' title='bbox 517 2424 708 2464; x_wconf 74' lang='lat' dir='ltr'>caloribus,</span> <span class='ocrx_word' id='word_1_297' title='bbox 732 2425 859 2465; x_wconf 83' lang='lat' dir='ltr'>ventis,</span> <span class='ocrx_word' id='word_1_298' title='bbox 878 2424 1065 2459; x_wconf 82' lang='lat' dir='ltr'>aut-imbri-</span> 
     </span>
     <span class='ocr_line' id='line_1_48' title="bbox 269 2474 1073 2522; baseline -0.01 -8"><span class='ocrx_word' id='word_1_299' title='bbox 269 2478 333 2515; x_wconf 87' lang='lat' dir='ltr'>bus</span> <span class='ocrx_word' id='word_1_300' title='bbox 345 2477 385 2513; x_wconf 88' lang='lat' dir='ltr'>ab</span> <span class='ocrx_word' id='word_1_301' title='bbox 398 2475 547 2512; x_wconf 84' lang='lat' dir='ltr'>instituta</span> <span class='ocrx_word' id='word_1_302' title='bbox 557 2474 769 2522; x_wconf 80' lang='lat' dir='ltr'>expeditione</span> <span class='ocrx_word' id='word_1_303' title='bbox 778 2476 989 2510; x_wconf 84' lang='lat' dir='ltr'>arcentut.ln</span> <span class='ocrx_word' id='word_1_304' title='bbox 996 2485 1073 2507; x_wconf 26' lang='lat' dir='ltr'>eamr</span> 
     </span>
     <span class='ocr_line' id='line_1_49' title="bbox 272 2522 1064 2570; baseline -0.009 -7"><span class='ocrx_word' id='word_1_305' title='bbox 272 2528 378 2563; x_wconf 39' lang='lat' dir='ltr'>etiam»</span> <span class='ocrx_word' id='word_1_306' title='bbox 394 2522 615 2561; x_wconf 83' lang='lat' dir='ltr'>neceffitatem</span> <span class='ocrx_word' id='word_1_307' title='bbox 635 2523 812 2570; x_wconf 83' lang='lat' dir='ltr'>aliquando</span> <span class='ocrx_word' id='word_1_308' title='bbox 842 2522 1064 2565; x_wconf 67' lang='lat' dir='ltr'>adducuntur,</span> 
     </span>
     <span class='ocr_line' id='line_1_50' title="bbox 272 2570 1066 2619; baseline -0.008 -7"><span class='ocrx_word' id='word_1_309' title='bbox 272 2587 312 2612; x_wconf 81' lang='lat' dir='ltr'>vt</span> <span class='ocrx_word' id='word_1_310' title='bbox 321 2574 382 2611; x_wconf 86' lang='lat' dir='ltr'>nisi</span> <span class='ocrx_word' id='word_1_311' title='bbox 401 2586 523 2611; x_wconf 85' lang='lat' dir='ltr'>terram</span> <span class='ocrx_word' id='word_1_312' title='bbox 541 2571 671 2608; x_wconf 86' lang='lat' dir='ltr'>fodiant</span> <span class='ocrx_word' id='word_1_313' title='bbox 682 2572 720 2606; x_wconf 88' lang='lat' dir='ltr'>ad</span> <span class='ocrx_word' id='word_1_314' title='bbox 738 2585 854 2619; x_wconf 87' lang='lat' dir='ltr'>aquam</span> <span class='ocrx_word' id='word_1_315' title='bbox 872 2570 1066 2607; x_wconf 71' lang='lat' dir='ltr'>nanciscen-</span> 
     </span>
     <span class='ocr_line' id='line_1_51' title="bbox 274 2619 1065 2672; baseline -0.008 -12"><span class='ocrx_word' id='word_1_316' title='bbox 274 2625 351 2660; x_wconf 86' lang='lat' dir='ltr'>dam</span> <span class='ocrx_word' id='word_1_317' title='bbox 363 2647 375 2663; x_wconf 87' lang='lat'><strong>‚</strong></span> <span class='ocrx_word' id='word_1_318' title='bbox 396 2636 437 2658; x_wconf 91' lang='lat' dir='ltr'>ne</span> <span class='ocrx_word' id='word_1_319' title='bbox 448 2621 732 2672; x_wconf 54' lang='lat' dir='ltr'>guttamfluidem</span> <span class='ocrx_word' id='word_1_320' title='bbox 749 2621 789 2656; x_wconf 91' lang='lat' dir='ltr'>ad</span> <span class='ocrx_word' id='word_1_321' title='bbox 801 2620 988 2656; x_wconf 88' lang='lat' dir='ltr'>bibendum</span> <span class='ocrx_word' id='word_1_322' title='bbox 1006 2619 1065 2655; x_wconf 82' lang='lat' dir='ltr'>ha-</span> 
     </span>
     <span class='ocr_line' id='line_1_52' title="bbox 274 2668 1073 2717; baseline -0.006 -9"><span class='ocrx_word' id='word_1_323' title='bbox 274 2673 378 2709; x_wconf 88' lang='lat' dir='ltr'>bituri</span> <span class='ocrx_word' id='word_1_324' title='bbox 402 2672 476 2708; x_wconf 86' lang='lat' dir='ltr'>sint.</span> <span class='ocrx_word' id='word_1_325' title='bbox 507 2670 610 2707; x_wconf 78' lang='lat' dir='ltr'>Nulla</span> <span class='ocrx_word' id='word_1_326' title='bbox 632 2668 678 2705; x_wconf 88' lang='lat' dir='ltr'>est</span> <span class='ocrx_word' id='word_1_327' title='bbox 698 2671 939 2717; x_wconf 84' lang='lat' dir='ltr'>tantainopia,</span> <span class='ocrx_word' id='word_1_328' title='bbox 961 2669 1073 2708; x_wconf 74' lang='lat' dir='ltr'>labor„</span> 
     </span>
     <span class='ocr_line' id='line_1_53' title="bbox 276 2718 1069 2768; baseline -0.005 -11"><span class='ocrx_word' id='word_1_329' title='bbox 276 2722 405 2758; x_wconf 84' lang='lat' dir='ltr'>miseria</span> <span class='ocrx_word' id='word_1_330' title='bbox 419 2745 428 2759; x_wconf 86' lang='lat'><strong>‚</strong></span> <span class='ocrx_word' id='word_1_331' title='bbox 449 2723 484 2757; x_wconf 90' lang='lat' dir='ltr'>in</span> <span class='ocrx_word' id='word_1_332' title='bbox 502 2733 565 2768; x_wconf 86' lang='lat' dir='ltr'>qua</span> <span class='ocrx_word' id='word_1_333' title='bbox 583 2718 777 2759; x_wconf 85' lang='lat' dir='ltr'>toleranda,</span> <span class='ocrx_word' id='word_1_334' title='bbox 795 2718 834 2753; x_wconf 85' lang='lat' dir='ltr'>ad</span> <span class='ocrx_word' id='word_1_335' title='bbox 854 2719 887 2754; x_wconf 90' lang='lat' dir='ltr'>id</span> <span class='ocrx_word' id='word_1_336' title='bbox 910 2718 1003 2767; x_wconf 89' lang='lat' dir='ltr'>quod</span> <span class='ocrx_word' id='word_1_337' title='bbox 1022 2719 1069 2753; x_wconf 90' lang='lat' dir='ltr'>eis</span> 
     </span>
     <span class='ocr_line' id='line_1_54' title="bbox 277 2767 1069 2819; baseline -0.004 -14"><span class='ocrx_word' id='word_1_338' title='bbox 277 2769 486 2819; x_wconf 84' lang='lat' dir='ltr'>propositum</span> <span class='ocrx_word' id='word_1_339' title='bbox 505 2782 541 2804; x_wconf 88' lang='lat' dir='ltr'>ac</span> <span class='ocrx_word' id='word_1_340' title='bbox 566 2767 745 2816; x_wconf 83' lang='lat' dir='ltr'>susceptum</span> <span class='ocrx_word' id='word_1_341' title='bbox 764 2767 809 2802; x_wconf 89' lang='lat' dir='ltr'>est</span> <span class='ocrx_word' id='word_1_342' title='bbox 828 2791 839 2807; x_wconf 86' lang='lat'>‚</span> <span class='ocrx_word' id='word_1_343' title='bbox 861 2781 928 2802; x_wconf 91' lang='lat' dir='ltr'>non</span> <span class='ocrx_word' id='word_1_344' title='bbox 950 2780 1069 2815; x_wconf 90' lang='lat' dir='ltr'>perue-</span> 
     </span>
     <span class='ocr_line' id='line_1_55' title="bbox 279 2816 1072 2855; baseline -0.005 0"><span class='ocrx_word' id='word_1_345' title='bbox 279 2821 384 2855; x_wconf 85' lang='lat' dir='ltr'>niant.</span> <span class='ocrx_word' id='word_1_346' title='bbox 402 2817 672 2855; x_wconf 71' lang='lat' dir='ltr'>Confeceruntne</span> <span class='ocrx_word' id='word_1_347' title='bbox 682 2829 751 2851; x_wconf 87' lang='lat' dir='ltr'>rem</span> <span class='ocrx_word' id='word_1_348' title='bbox 764 2819 778 2849; x_wconf 74' lang='grc' dir='ltr'><strong><em>ἒ</em></strong></span> <span class='ocrx_word' id='word_1_349' title='bbox 791 2817 864 2851; x_wconf 86' lang='lat' dir='ltr'>Siue</span> <span class='ocrx_word' id='word_1_350' title='bbox 877 2818 1017 2852; x_wconf 88' lang='lat' dir='ltr'>euadant</span> <span class='ocrx_word' id='word_1_351' title='bbox 1027 2816 1072 2851; x_wconf 81' lang='lat' dir='ltr'>si-</span> 
     </span>
     <span class='ocr_line' id='line_1_56' title="bbox 280 2863 1070 2913; baseline -0.004 -10"><span class='ocrx_word' id='word_1_352' title='bbox 280 2881 322 2903; x_wconf 84' lang='lat' dir='ltr'>ue</span> <span class='ocrx_word' id='word_1_353' title='bbox 339 2868 501 2906; x_wconf 74' lang='lat' dir='ltr'>intereant</span> <span class='ocrx_word' id='word_1_354' title='bbox 521 2892 532 2908; x_wconf 92' lang='lat'><strong>‚</strong></span> <span class='ocrx_word' id='word_1_355' title='bbox 551 2878 688 2903; x_wconf 78' lang='lat' dir='ltr'>ornnem</span> <span class='ocrx_word' id='word_1_356' title='bbox 705 2875 839 2913; x_wconf 81' lang='lat' dir='ltr'>operam</span> <span class='ocrx_word' id='word_1_357' title='bbox 861 2863 947 2900; x_wconf 88' lang='lat' dir='ltr'>suam</span> <span class='ocrx_word' id='word_1_358' title='bbox 968 2866 1070 2900; x_wconf 85' lang='lat' dir='ltr'>acla-</span> 
     </span>
     <span class='ocr_line' id='line_1_57' title="bbox 269 2913 1073 2964; baseline -0.004 -12"><span class='ocrx_word' id='word_1_359' title='bbox 269 2916 404 2961; x_wconf 50' lang='lat' dir='ltr'>‚horem</span> <span class='ocrx_word' id='word_1_360' title='bbox 424 2915 588 2953; x_wconf 76' lang='lat' dir='ltr'>luserunt:</span> <span class='ocrx_word' id='word_1_361' title='bbox 606 2926 777 2964; x_wconf 85' lang='lat' dir='ltr'>propterea</span> <span class='ocrx_word' id='word_1_362' title='bbox 791 2913 883 2961; x_wconf 76' lang='lat' dir='ltr'>quod</span> <span class='ocrx_word' id='word_1_363' title='bbox 903 2916 961 2949; x_wconf 91' lang='lat' dir='ltr'>vni</span> <span class='ocrx_word' id='word_1_364' title='bbox 978 2917 1073 2950; x_wconf 81' lang='lat' dir='ltr'>Sata-</span> 
     </span>
     <span class='ocr_line' id='line_1_58' title="bbox 282 2962 1076 3002; baseline -0.005 0"><span class='ocrx_word' id='word_1_365' title='bbox 282 2977 334 3002; x_wconf 75' lang='lat' dir='ltr'>nae</span> <span class='ocrx_word' id='word_1_366' title='bbox 345 2964 531 3000; x_wconf 87' lang='lat' dir='ltr'>seruierunt.</span> <span class='ocrx_word' id='word_1_367' title='bbox 546 2966 648 3000; x_wconf 89' lang='lat' dir='ltr'>Filius</span> <span class='ocrx_word' id='word_1_368' title='bbox 658 2964 726 3000; x_wconf 85' lang='lat' dir='ltr'>Dei</span> <span class='ocrx_word' id='word_1_369' title='bbox 737 2975 798 2997; x_wconf 87' lang='lat' dir='ltr'>nos</span> <span class='ocrx_word' id='word_1_370' title='bbox 807 2962 867 2998; x_wconf 82' lang='lat' dir='ltr'>fibi</span> <span class='ocrx_word' id='word_1_371' title='bbox 878 2965 1001 2999; x_wconf 84' lang='lat' dir='ltr'>milites</span> <span class='ocrx_word' id='word_1_372' title='bbox 1012 2963 1076 2998; x_wconf 82' lang='lat' dir='ltr'>de-</span> 
     </span>
     <span class='ocr_line' id='line_1_59' title="bbox 285 3011 1082 3063; baseline -0.006 -12"><span class='ocrx_word' id='word_1_373' title='bbox 285 3014 369 3063; x_wconf 81' lang='lat' dir='ltr'>legit</span> <span class='ocrx_word' id='word_1_374' title='bbox 389 3026 448 3060; x_wconf 85' lang='lat' dir='ltr'>pro</span> <span class='ocrx_word' id='word_1_375' title='bbox 466 3014 568 3062; x_wconf 84' lang='lat' dir='ltr'>gratia</span> <span class='ocrx_word' id='word_1_376' title='bbox 589 3014 648 3050; x_wconf 65' lang='lat' dir='ltr'>suav</span> <span class='ocrx_word' id='word_1_377' title='bbox 661 3011 801 3054; x_wconf 82' lang='lat' dir='ltr'>infinita.</span> <span class='ocrx_word' id='word_1_378' title='bbox 830 3014 955 3047; x_wconf 87' lang='lat' dir='ltr'>Scimus</span> <span class='ocrx_word' id='word_1_379' title='bbox 973 3014 1082 3061; x_wconf 85' lang='lat' dir='ltr'>quam&#39;</span> 
     </span>
     <span class='ocr_line' id='line_1_60' title="bbox 285 3060 1074 3112; baseline -0.005 -12"><span class='ocrx_word' id='word_1_380' title='bbox 285 3062 392 3107; x_wconf 79' lang='lat' dir='ltr'>nobis</span> <span class='ocrx_word' id='word_1_381' title='bbox 400 3063 579 3098; x_wconf 85' lang='lat' dir='ltr'>mercedem</span> <span class='ocrx_word' id='word_1_382' title='bbox 594 3060 887 3112; x_wconf 58' lang='lat' dir='ltr'>paraueriteQito</span> <span class='ocrx_word' id='word_1_383' title='bbox 898 3063 1001 3109; x_wconf 86' lang='lat' dir='ltr'>igitur</span> <span class='ocrx_word' id='word_1_384' title='bbox 1012 3073 1074 3108; x_wconf 82' lang='lat' dir='ltr'>nos</span> 
     </span>
     <span class='ocr_line' id='line_1_61' title="bbox 285 3109 1073 3156; baseline 0 -11"><span class='ocrx_word' id='word_1_385' title='bbox 285 3109 502 3150; x_wconf 71' lang='lat' dir='ltr'>animosiores</span> <span class='ocrx_word' id='word_1_386' title='bbox 528 3112 590 3147; x_wconf 79' lang='lat' dir='ltr'>esse</span> <span class='ocrx_word' id='word_1_387' title='bbox 615 3110 834 3152; x_wconf 35' lang='lat' dir='ltr'>debemusfflad</span> <span class='ocrx_word' id='word_1_388' title='bbox 854 3122 987 3156; x_wconf 87' lang='lat' dir='ltr'>operam</span> <span class='ocrx_word' id='word_1_389' title='bbox 1008 3123 1073 3145; x_wconf 89' lang='lat' dir='ltr'>no-</span> 
     </span>
     <span class='ocr_line' id='line_1_62' title="bbox 288 3157 1075 3208; baseline -0.004 -12"><span class='ocrx_word' id='word_1_390' title='bbox 288 3160 388 3199; x_wconf 76' lang='lat' dir='ltr'>stram</span> <span class='ocrx_word' id='word_1_391' title='bbox 398 3162 426 3195; x_wconf 87' lang='lat' dir='ltr'>ei</span> <span class='ocrx_word' id='word_1_392' title='bbox 438 3159 646 3207; x_wconf 78' lang='lat' dir='ltr'>praestandam</span> <span class='ocrx_word' id='word_1_393' title='bbox 664 3185 676 3201; x_wconf 93' lang='lat'>,</span> <span class='ocrx_word' id='word_1_394' title='bbox 697 3157 879 3208; x_wconf 65' lang='lat' dir='ltr'>quarnfint</span> <span class='ocrx_word' id='word_1_395' title='bbox 894 3159 1000 3194; x_wconf 88' lang='lat' dir='ltr'>miseri</span> <span class='ocrx_word' id='word_1_396' title='bbox 1025 3160 1075 3194; x_wconf 92' lang='lat' dir='ltr'>illi</span> 
     </span>
     <span class='ocr_line' id='line_1_63' title="bbox 290 3207 1076 3258; baseline -0.004 -11"><span class='ocrx_word' id='word_1_397' title='bbox 290 3210 334 3247; x_wconf 81' lang='lat' dir='ltr'>ad</span> <span class='ocrx_word' id='word_1_398' title='bbox 352 3209 438 3255; x_wconf 78' lang='lat' dir='ltr'>{iiam</span> <span class='ocrx_word' id='word_1_399' title='bbox 458 3207 909 3258; x_wconf 75' lang='lat' dir='ltr'>perniciempersequendam</span> <span class='ocrx_word' id='word_1_400' title='bbox 921 3211 935 3240; x_wconf 71' lang='grc' dir='ltr'><em>ἔ</em></span> <span class='ocrx_word' id='word_1_401' title='bbox 954 3209 1076 3256; x_wconf 84' lang='lat' dir='ltr'>Neque</span> 
     </span>
     <span class='ocr_line' id='line_1_64' title="bbox 293 3254 1077 3308; baseline -0.005 -10"><span class='ocrx_word' id='word_1_402' title='bbox 293 3259 376 3308; x_wconf 56' lang='grc' dir='ltr'>γετὸ</span> <span class='ocrx_word' id='word_1_403' title='bbox 384 3257 494 3296; x_wconf 74' lang='lat' dir='ltr'>solnm</span> <span class='ocrx_word' id='word_1_404' title='bbox 504 3257 587 3294; x_wconf 81' lang='lat' dir='ltr'>illud</span> <span class='ocrx_word' id='word_1_405' title='bbox 602 3258 657 3304; x_wconf 71' lang='lat' dir='ltr'>hic</span> <span class='ocrx_word' id='word_1_406' title='bbox 667 3261 796 3308; x_wconf 63' lang='lat' dir='ltr'>agitur⁴5</span> <span class='ocrx_word' id='word_1_407' title='bbox 812 3266 857 3294; x_wconf 70' lang='lat' dir='ltr'>zvt</span> <span class='ocrx_word' id='word_1_408' title='bbox 869 3254 1006 3306; x_wconf 83' lang='lat' dir='ltr'>quisque</span> <span class='ocrx_word' id='word_1_409' title='bbox 1016 3257 1077 3308; x_wconf 65' lang='lat' dir='ltr'>iti-3</span> 
     </span>
    </p>
   </div>
   <div class='ocr_carea' id='block_1_2' title="bbox 762 142 1140 198">
    <p class='ocr_par' dir='ltr' id='par_1_2' title="bbox 762 142 1140 198">
     <span class='ocr_line' id='line_1_65' title="bbox 762 142 1140 198; baseline -0.005 -4"><span class='ocrx_word' id='word_1_410' title='bbox 762 158 800 194; x_wconf 88' lang='lat' dir='ltr'>H</span> <span class='ocrx_word' id='word_1_411' title='bbox 829 157 865 193; x_wconf 92' lang='lat' dir='ltr'>o</span> <span class='ocrx_word' id='word_1_412' title='bbox 893 142 982 194; x_wconf 62' lang='grc' dir='ltr'>Μ]</span> <span class='ocrx_word' id='word_1_413' title='bbox 1007 156 1080 198; x_wconf 30' lang='grc' dir='ltr'>ιρι</span> <span class='ocrx_word' id='word_1_414' title='bbox 1107 158 1140 193; x_wconf 86' lang='lat' dir='ltr'>A</span> 
     </span>
    </p>
   </div>
   <div class='ocr_carea' id='block_1_3' title="bbox 1210 155 1346 192">
    <p class='ocr_par' dir='ltr' id='par_1_3' title="bbox 1210 155 1346 192">
     <span class='ocr_line' id='line_1_66' title="bbox 1210 155 1346 192; baseline -0.015 0"><span class='ocrx_word' id='word_1_415' title='bbox 1210 155 1346 192; x_wconf 87' lang='lat'>1111.</span> 
     </span>
    </p>
   </div>
   <div class='ocr_carea' id='block_1_4' title="bbox 1082 213 1896 1196">
    <p class='ocr_par' dir='ltr' id='par_1_4' title="bbox 1082 213 1896 1196">
     <span class='ocr_line' id='line_1_67' title="bbox 1083 213 1876 265; baseline 0 -12"><span class='ocrx_word' id='word_1_416' title='bbox 1083 219 1169 254; x_wconf 88' lang='lat' dir='ltr'>neris</span> <span class='ocrx_word' id='word_1_417' title='bbox 1182 218 1320 253; x_wconf 81' lang='lat' dir='ltr'>miliaria</span> <span class='ocrx_word' id='word_1_418' title='bbox 1332 225 1485 252; x_wconf 87' lang='lat' dir='ltr'>numeret</span> <span class='ocrx_word' id='word_1_419' title='bbox 1495 241 1504 257; x_wconf 88' lang='lat'>,</span> <span class='ocrx_word' id='word_1_420' title='bbox 1519 215 1699 264; x_wconf 71' lang='lat' dir='ltr'>totumque</span> <span class='ocrx_word' id='word_1_421' title='bbox 1710 213 1789 252; x_wconf 90' lang='lat' dir='ltr'>illud</span> <span class='ocrx_word' id='word_1_422' title='bbox 1800 214 1876 265; x_wconf 85' lang='lat' dir='ltr'>spa-</span> 
     </span>
     <span class='ocr_line' id='line_1_68' title="bbox 1082 265 1877 313; baseline -0.003 -10"><span class='ocrx_word' id='word_1_423' title='bbox 1082 269 1167 303; x_wconf 89' lang='lat' dir='ltr'>tium</span> <span class='ocrx_word' id='word_1_424' title='bbox 1183 267 1396 306; x_wconf 86' lang='lat' dir='ltr'>dimetiatur,</span> <span class='ocrx_word' id='word_1_425' title='bbox 1423 266 1514 313; x_wconf 88' lang='lat' dir='ltr'>quod</span> <span class='ocrx_word' id='word_1_426' title='bbox 1527 268 1612 302; x_wconf 89' lang='lat' dir='ltr'>inter</span> <span class='ocrx_word' id='word_1_427' title='bbox 1631 265 1717 300; x_wconf 86' lang='lat' dir='ltr'>suam</span> <span class='ocrx_word' id='word_1_428' title='bbox 1738 267 1877 303; x_wconf 80' lang='lat' dir='ltr'>domum</span> 
     </span>
     <span class='ocr_line' id='line_1_69' title="bbox 1085 313 1879 362; baseline -0.003 -10"><span class='ocrx_word' id='word_1_429' title='bbox 1085 316 1261 352; x_wconf 83' lang='lat' dir='ltr'>intercedit</span> <span class='ocrx_word' id='word_1_430' title='bbox 1272 320 1304 352; x_wconf 88' lang='lat'><strong>&amp;</strong></span> <span class='ocrx_word' id='word_1_431' title='bbox 1318 317 1357 351; x_wconf 84' lang='lat' dir='ltr'>ad</span> <span class='ocrx_word' id='word_1_432' title='bbox 1371 329 1446 350; x_wconf 89' lang='lat' dir='ltr'>eum</span> <span class='ocrx_word' id='word_1_433' title='bbox 1458 316 1584 356; x_wconf 85' lang='lat' dir='ltr'>locum,</span> <span class='ocrx_word' id='word_1_434' title='bbox 1600 316 1633 350; x_wconf 91' lang='lat' dir='ltr'>in</span> <span class='ocrx_word' id='word_1_435' title='bbox 1648 327 1715 362; x_wconf 93' lang='lat' dir='ltr'>quo</span> <span class='ocrx_word' id='word_1_436' title='bbox 1730 319 1760 351; x_wconf 77' lang='grc' dir='ltr'>δι</span> <span class='ocrx_word' id='word_1_437' title='bbox 1774 313 1879 350; x_wconf 58' lang='lat' dir='ltr'>libere</span> 
     </span>
     <span class='ocr_line' id='line_1_70' title="bbox 1085 361 1874 404; baseline -0.003 -3"><span class='ocrx_word' id='word_1_438' title='bbox 1085 368 1197 401; x_wconf 86' lang='lat' dir='ltr'>Deum</span> <span class='ocrx_word' id='word_1_439' title='bbox 1205 361 1356 404; x_wconf 76' lang='lat' dir='ltr'>adorare,⁴</span> <span class='ocrx_word' id='word_1_440' title='bbox 1367 370 1399 401; x_wconf 76' lang='grc' dir='ltr'>δι</span> <span class='ocrx_word' id='word_1_441' title='bbox 1411 363 1646 400; x_wconf 84' lang='lat' dir='ltr'>confeffionem</span> <span class='ocrx_word' id='word_1_442' title='bbox 1661 363 1812 400; x_wconf 77' lang='lat' dir='ltr'>fidei-suae</span> <span class='ocrx_word' id='word_1_443' title='bbox 1823 362 1874 399; x_wconf 89' lang='lat' dir='ltr'>fa-</span> 
     </span>
     <span class='ocr_line' id='line_1_71' title="bbox 1087 412 1881 462; baseline -0.004 -12"><span class='ocrx_word' id='word_1_444' title='bbox 1087 427 1158 450; x_wconf 84' lang='lat' dir='ltr'>cere</span> <span class='ocrx_word' id='word_1_445' title='bbox 1169 438 1178 454; x_wconf 91' lang='lat'>,</span> <span class='ocrx_word' id='word_1_446' title='bbox 1191 419 1222 451; x_wconf 74' lang='grc' dir='ltr'>δι</span> <span class='ocrx_word' id='word_1_447' title='bbox 1245 427 1356 462; x_wconf 87' lang='lat' dir='ltr'>puram</span> <span class='ocrx_word' id='word_1_448' title='bbox 1369 414 1576 461; x_wconf 84' lang='lat' dir='ltr'>Euangelicae</span> <span class='ocrx_word' id='word_1_449' title='bbox 1588 414 1748 449; x_wconf 60' lang='lat' dir='ltr'>doetrinae</span> <span class='ocrx_word' id='word_1_450' title='bbox 1760 412 1881 461; x_wconf 84' lang='lat' dir='ltr'>praedi-</span> 
     </span>
     <span class='ocr_line' id='line_1_72' title="bbox 1088 461 1884 511; baseline -0.001 -12"><span class='ocrx_word' id='word_1_451' title='bbox 1088 465 1255 499; x_wconf 86' lang='lat' dir='ltr'>cationem</span> <span class='ocrx_word' id='word_1_452' title='bbox 1267 463 1378 498; x_wconf 87' lang='lat' dir='ltr'>audire</span> <span class='ocrx_word' id='word_1_453' title='bbox 1390 462 1500 511; x_wconf 80' lang='lat' dir='ltr'>possit.</span> <span class='ocrx_word' id='word_1_454' title='bbox 1529 462 1643 498; x_wconf 88' lang='lat' dir='ltr'>Nobis</span> <span class='ocrx_word' id='word_1_455' title='bbox 1662 462 1767 497; x_wconf 74' lang='lat' dir='ltr'>adhuc</span> <span class='ocrx_word' id='word_1_456' title='bbox 1783 461 1884 498; x_wconf 84' lang='lat' dir='ltr'>restat</span> 
     </span>
     <span class='ocr_line' id='line_1_73' title="bbox 1087 511 1884 561; baseline -0.004 -14"><span class='ocrx_word' id='word_1_457' title='bbox 1087 514 1222 561; x_wconf 88' lang='lat' dir='ltr'>longius</span> <span class='ocrx_word' id='word_1_458' title='bbox 1236 514 1299 559; x_wconf 81' lang='lat' dir='ltr'>iter</span> <span class='ocrx_word' id='word_1_459' title='bbox 1308 511 1494 548; x_wconf 88' lang='lat' dir='ltr'>faciendum</span> <span class='ocrx_word' id='word_1_460' title='bbox 1508 535 1518 552; x_wconf 88' lang='lat'><em>‚</em></span> <span class='ocrx_word' id='word_1_461' title='bbox 1532 513 1574 557; x_wconf 35' lang='lat' dir='ltr'>,in</span> <span class='ocrx_word' id='word_1_462' title='bbox 1588 524 1656 558; x_wconf 91' lang='lat' dir='ltr'>quo</span> <span class='ocrx_word' id='word_1_463' title='bbox 1669 512 1805 559; x_wconf 87' lang='lat' dir='ltr'>quidem</span> <span class='ocrx_word' id='word_1_464' title='bbox 1824 521 1884 545; x_wconf 89' lang='lat' dir='ltr'>to-</span> 
     </span>
     <span class='ocr_line' id='line_1_74' title="bbox 1089 557 1882 609; baseline -0.003 -13"><span class='ocrx_word' id='word_1_465' title='bbox 1089 563 1154 597; x_wconf 85' lang='lat' dir='ltr'>tius</span> <span class='ocrx_word' id='word_1_466' title='bbox 1168 561 1284 596; x_wconf 78' lang='lat' dir='ltr'>nostrae</span> <span class='ocrx_word' id='word_1_467' title='bbox 1309 562 1384 595; x_wconf 83' lang='lat' dir='ltr'>vitae</span> <span class='ocrx_word' id='word_1_468' title='bbox 1403 573 1534 609; x_wconf 83' lang='lat' dir='ltr'>tempus</span> <span class='ocrx_word' id='word_1_469' title='bbox 1549 559 1810 595; x_wconf 87' lang='lat' dir='ltr'>consumendum</span> <span class='ocrx_word' id='word_1_470' title='bbox 1821 557 1882 595; x_wconf 82' lang='lat' dir='ltr'>est.</span> 
     </span>
     <span class='ocr_line' id='line_1_75' title="bbox 1089 610 1885 659; baseline -0.005 -13"><span class='ocrx_word' id='word_1_471' title='bbox 1089 610 1320 659; x_wconf 75' lang='lat' dir='ltr'>Templumne</span> <span class='ocrx_word' id='word_1_472' title='bbox 1331 611 1532 645; x_wconf 83' lang='lat' dir='ltr'>Deiannum</span> <span class='ocrx_word' id='word_1_473' title='bbox 1545 622 1647 644; x_wconf 88' lang='lat' dir='ltr'>vnum</span> <span class='ocrx_word' id='word_1_474' title='bbox 1662 633 1673 650; x_wconf 86' lang='lat'>,</span> <span class='ocrx_word' id='word_1_475' title='bbox 1693 618 1747 644; x_wconf 88' lang='lat' dir='ltr'>aut</span> <span class='ocrx_word' id='word_1_476' title='bbox 1760 621 1802 643; x_wconf 90' lang='lat' dir='ltr'>eo</span> <span class='ocrx_word' id='word_1_477' title='bbox 1813 621 1885 643; x_wconf 69' lang='lat' dir='ltr'>am-</span> 
     </span>
     <span class='ocr_line' id='line_1_76' title="bbox 1091 658 1886 708; baseline -0.004 -13"><span class='ocrx_word' id='word_1_478' title='bbox 1091 661 1178 708; x_wconf 85' lang='lat' dir='ltr'>plius</span> <span class='ocrx_word' id='word_1_479' title='bbox 1190 658 1488 707; x_wconf 84' lang='lat' dir='ltr'>frequentauimus?</span> <span class='ocrx_word' id='word_1_480' title='bbox 1501 659 1749 694; x_wconf 73' lang='lat' dir='ltr'>continuantes</span> <span class='ocrx_word' id='word_1_481' title='bbox 1759 669 1794 692; x_wconf 86' lang='lat' dir='ltr'>ac</span> <span class='ocrx_word' id='word_1_482' title='bbox 1806 669 1886 704; x_wconf 88' lang='lat' dir='ltr'>per-</span> 
     </span>
     <span class='ocr_line' id='line_1_77' title="bbox 1090 706 1888 756; baseline -0.005 -12"><span class='ocrx_word' id='word_1_483' title='bbox 1090 708 1272 744; x_wconf 87' lang='lat' dir='ltr'>seuerantes</span> <span class='ocrx_word' id='word_1_484' title='bbox 1289 709 1443 756; x_wconf 89' lang='lat' dir='ltr'>quotidie</span> <span class='ocrx_word' id='word_1_485' title='bbox 1461 718 1565 743; x_wconf 85' lang='lat' dir='ltr'>nouas</span> <span class='ocrx_word' id='word_1_486' title='bbox 1580 706 1778 742; x_wconf 80' lang='lat' dir='ltr'>solitudines</span> <span class='ocrx_word' id='word_1_487' title='bbox 1789 717 1888 753; x_wconf 87' lang='lat' dir='ltr'>repe-</span> 
     </span>
     <span class='ocr_line' id='line_1_78' title="bbox 1091 754 1887 805; baseline -0.005 -11"><span class='ocrx_word' id='word_1_488' title='bbox 1091 759 1227 794; x_wconf 69' lang='lat' dir='ltr'>tiernus.</span> <span class='ocrx_word' id='word_1_489' title='bbox 1248 759 1338 793; x_wconf 88' lang='lat' dir='ltr'>Nam</span> <span class='ocrx_word' id='word_1_490' title='bbox 1347 757 1476 793; x_wconf 87' lang='lat' dir='ltr'>morbis</span> <span class='ocrx_word' id='word_1_491' title='bbox 1490 757 1669 805; x_wconf 79' lang='lat' dir='ltr'>aliquando</span> <span class='ocrx_word' id='word_1_492' title='bbox 1683 754 1887 804; x_wconf 79' lang='lat' dir='ltr'>affligemur,</span> 
     </span>
     <span class='ocr_line' id='line_1_79' title="bbox 1091 803 1889 854; baseline -0.005 -12"><span class='ocrx_word' id='word_1_493' title='bbox 1091 808 1258 843; x_wconf 86' lang='lat' dir='ltr'>interdum</span> <span class='ocrx_word' id='word_1_494' title='bbox 1273 817 1474 854; x_wconf 87' lang='lat' dir='ltr'>paupertate.</span> <span class='ocrx_word' id='word_1_495' title='bbox 1499 806 1642 841; x_wconf 87' lang='lat' dir='ltr'>Accidet</span> <span class='ocrx_word' id='word_1_496' title='bbox 1657 816 1693 840; x_wconf 88' lang='lat' dir='ltr'>vt</span> <span class='ocrx_word' id='word_1_497' title='bbox 1705 817 1784 839; x_wconf 83' lang='lat' dir='ltr'>vxor</span> <span class='ocrx_word' id='word_1_498' title='bbox 1800 809 1832 840; x_wconf 74' lang='grc' dir='ltr'>ἀ</span> <span class='ocrx_word' id='word_1_499' title='bbox 1843 803 1889 838; x_wconf 85' lang='lat' dir='ltr'>li-</span> 
     </span>
     <span class='ocr_line' id='line_1_80' title="bbox 1091 851 1890 904; baseline -0.005 -13"><span class='ocrx_word' id='word_1_500' title='bbox 1091 857 1169 891; x_wconf 85' lang='lat' dir='ltr'>beri</span> <span class='ocrx_word' id='word_1_501' title='bbox 1178 857 1374 895; x_wconf 85' lang='lat' dir='ltr'>moriantur,</span> <span class='ocrx_word' id='word_1_502' title='bbox 1387 855 1524 904; x_wconf 83' lang='lat' dir='ltr'>pristina</span> <span class='ocrx_word' id='word_1_503' title='bbox 1535 856 1633 890; x_wconf 89' lang='lat' dir='ltr'>etiam</span> <span class='ocrx_word' id='word_1_504' title='bbox 1646 854 1780 889; x_wconf 85' lang='lat' dir='ltr'>libertas</span> <span class='ocrx_word' id='word_1_505' title='bbox 1791 851 1890 889; x_wconf 67' lang='lat' dir='ltr'>&amp;Ta-</span> 
     </span>
     <span class='ocr_line' id='line_1_81' title="bbox 1093 900 1891 952; baseline -0.005 -12"><span class='ocrx_word' id='word_1_506' title='bbox 1093 908 1193 941; x_wconf 86' lang='lat' dir='ltr'>cultas</span> <span class='ocrx_word' id='word_1_507' title='bbox 1204 905 1415 940; x_wconf 88' lang='lat' dir='ltr'>colendiDei</span> <span class='ocrx_word' id='word_1_508' title='bbox 1436 904 1536 952; x_wconf 86' lang='lat' dir='ltr'>nobis</span> <span class='ocrx_word' id='word_1_509' title='bbox 1553 905 1720 951; x_wconf 84' lang='lat' dir='ltr'>eripiatur.</span> <span class='ocrx_word' id='word_1_510' title='bbox 1742 900 1891 937; x_wconf 55' lang='lat' dir='ltr'>Iasiiabi-</span> 
     </span>
     <span class='ocr_line' id='line_1_82' title="bbox 1094 949 1892 1000; baseline -0.006 -10"><span class='ocrx_word' id='word_1_511' title='bbox 1094 967 1168 990; x_wconf 87' lang='lat' dir='ltr'>mur</span> <span class='ocrx_word' id='word_1_512' title='bbox 1188 953 1292 989; x_wconf 82' lang='lat' dir='ltr'>turbis</span> <span class='ocrx_word' id='word_1_513' title='bbox 1315 959 1348 991; x_wconf 88' lang='lat'>&amp;</span> <span class='ocrx_word' id='word_1_514' title='bbox 1370 953 1540 989; x_wconf 80' lang='lat' dir='ltr'>motibus.</span> <span class='ocrx_word' id='word_1_515' title='bbox 1579 955 1694 1000; x_wconf 83' lang='lat' dir='ltr'>Qare</span> <span class='ocrx_word' id='word_1_516' title='bbox 1712 952 1767 987; x_wconf 92' lang='lat' dir='ltr'>illa</span> <span class='ocrx_word' id='word_1_517' title='bbox 1785 949 1892 986; x_wconf 86' lang='lat' dir='ltr'>animi</span> 
     </span>
     <span class='ocr_line' id='line_1_83' title="bbox 1094 998 1892 1050; baseline -0.006 -12"><span class='ocrx_word' id='word_1_518' title='bbox 1094 1003 1278 1039; x_wconf 81' lang='lat' dir='ltr'>constantia</span> <span class='ocrx_word' id='word_1_519' title='bbox 1288 1001 1516 1050; x_wconf 68' lang='lat' dir='ltr'>patientieique</span> <span class='ocrx_word' id='word_1_520' title='bbox 1531 1002 1712 1049; x_wconf 83' lang='lat' dir='ltr'>requiritur</span> <span class='ocrx_word' id='word_1_521' title='bbox 1734 1000 1752 1035; x_wconf 71' lang='grc' dir='ltr'>ὲ</span> <span class='ocrx_word' id='word_1_522' title='bbox 1771 998 1892 1040; x_wconf 86' lang='lat' dir='ltr'>nobis,</span> 
     </span>
     <span class='ocr_line' id='line_1_84' title="bbox 1093 1048 1893 1099; baseline -0.006 -11"><span class='ocrx_word' id='word_1_523' title='bbox 1093 1063 1131 1088; x_wconf 88' lang='lat' dir='ltr'>vt</span> <span class='ocrx_word' id='word_1_524' title='bbox 1151 1052 1264 1099; x_wconf 60' lang='lat' dir='ltr'>arsque</span> <span class='ocrx_word' id='word_1_525' title='bbox 1277 1053 1311 1086; x_wconf 89' lang='lat' dir='ltr'>in</span> <span class='ocrx_word' id='word_1_526' title='bbox 1323 1051 1426 1086; x_wconf 90' lang='lat' dir='ltr'>finem</span> <span class='ocrx_word' id='word_1_527' title='bbox 1439 1062 1554 1085; x_wconf 85' lang='lat' dir='ltr'>manus</span> <span class='ocrx_word' id='word_1_528' title='bbox 1571 1061 1694 1097; x_wconf 84' lang='lat' dir='ltr'>paratas</span> <span class='ocrx_word' id='word_1_529' title='bbox 1712 1048 1893 1084; x_wconf 84' lang='lat' dir='ltr'>habeamus</span> 
     </span>
     <span class='ocr_line' id='line_1_85' title="bbox 1094 1096 1895 1148; baseline -0.005 -11"><span class='ocrx_word' id='word_1_530' title='bbox 1094 1102 1134 1137; x_wconf 87' lang='lat' dir='ltr'>ad</span> <span class='ocrx_word' id='word_1_531' title='bbox 1146 1099 1325 1136; x_wconf 84' lang='lat' dir='ltr'>fodiendos</span> <span class='ocrx_word' id='word_1_532' title='bbox 1339 1111 1457 1148; x_wconf 77' lang='lat' dir='ltr'>puteos</span> <span class='ocrx_word' id='word_1_533' title='bbox 1468 1124 1477 1140; x_wconf 92' lang='lat'>‚</span> <span class='ocrx_word' id='word_1_534' title='bbox 1490 1111 1589 1146; x_wconf 90' lang='lat' dir='ltr'>atque</span> <span class='ocrx_word' id='word_1_535' title='bbox 1600 1100 1699 1133; x_wconf 86' lang='lat' dir='ltr'>etiam</span> <span class='ocrx_word' id='word_1_536' title='bbox 1713 1109 1841 1145; x_wconf 83' lang='lat' dir='ltr'>vngues</span> <span class='ocrx_word' id='word_1_537' title='bbox 1851 1096 1895 1133; x_wconf 82' lang='lat' dir='ltr'>ad</span> 
     </span>
     <span class='ocr_line' id='line_1_86' title="bbox 1095 1146 1896 1196; baseline -0.006 -10"><span class='ocrx_word' id='word_1_538' title='bbox 1095 1152 1181 1186; x_wconf 63' lang='lat' dir='ltr'>terra</span> <span class='ocrx_word' id='word_1_539' title='bbox 1192 1148 1405 1196; x_wconf 55' lang='lat' dir='ltr'>stalpendidi</span> <span class='ocrx_word' id='word_1_540' title='bbox 1419 1147 1588 1183; x_wconf 89' lang='lat' dir='ltr'>neceffitas</span> <span class='ocrx_word' id='word_1_541' title='bbox 1601 1147 1756 1195; x_wconf 84' lang='lat' dir='ltr'>postulat.</span> <span class='ocrx_word' id='word_1_542' title='bbox 1775 1146 1896 1195; x_wconf 80' lang='lat' dir='ltr'>Siquis</span> 
     </span>
    </p>
   </div>
   <div class='ocr_carea' id='block_1_5' title="bbox 1072 1196 1897 1245">
    <p class='ocr_par' dir='ltr' id='par_1_5' title="bbox 1072 1196 1897 1245">
     <span class='ocr_line' id='line_1_87' title="bbox 1072 1196 1897 1245; baseline -0.005 -10"><span class='ocrx_word' id='word_1_543' title='bbox 1072 1224 1077 1227; x_wconf 53' lang='grc' dir='ltr'><em>ι</em></span> <span class='ocrx_word' id='word_1_544' title='bbox 1096 1199 1204 1239; x_wconf 84' lang='lat' dir='ltr'>dicat,</span> <span class='ocrx_word' id='word_1_545' title='bbox 1217 1198 1407 1243; x_wconf 85' lang='lat' dir='ltr'>Qomodo</span> <span class='ocrx_word' id='word_1_546' title='bbox 1421 1200 1526 1245; x_wconf 83' lang='lat' dir='ltr'>ergo?</span> <span class='ocrx_word' id='word_1_547' title='bbox 1539 1197 1652 1231; x_wconf 80' lang='lat' dir='ltr'>nonne</span> <span class='ocrx_word' id='word_1_548' title='bbox 1665 1196 1773 1231; x_wconf 85' lang='lat' dir='ltr'>sumus</span> <span class='ocrx_word' id='word_1_549' title='bbox 1785 1207 1848 1230; x_wconf 87' lang='lat' dir='ltr'>nos</span> <span class='ocrx_word' id='word_1_550' title='bbox 1858 1206 1897 1231; x_wconf 83' lang='lat' dir='ltr'>m</span> 
     </span>
    </p>
   </div>
   <div class='ocr_carea' id='block_1_6' title="bbox 1094 1242 1939 3351">
    <p class='ocr_par' dir='ltr' id='par_1_6' title="bbox 1094 1242 1939 3338">
     <span class='ocr_line' id='line_1_88' title="bbox 1094 1242 1897 1295; baseline -0.006 -11"><span class='ocrx_word' id='word_1_551' title='bbox 1094 1249 1223 1295; x_wconf 82' lang='lat' dir='ltr'>templo</span> <span class='ocrx_word' id='word_1_552' title='bbox 1237 1249 1326 1282; x_wconf 88' lang='lat' dir='ltr'>Dei?</span> <span class='ocrx_word' id='word_1_553' title='bbox 1337 1244 1540 1294; x_wconf 89' lang='lat' dir='ltr'>Respondeo</span> <span class='ocrx_word' id='word_1_554' title='bbox 1553 1269 1564 1286; x_wconf 90' lang='lat'>,</span> <span class='ocrx_word' id='word_1_555' title='bbox 1583 1258 1644 1280; x_wconf 83' lang='lat' dir='ltr'>nos</span> <span class='ocrx_word' id='word_1_556' title='bbox 1662 1246 1697 1280; x_wconf 91' lang='lat' dir='ltr'>in</span> <span class='ocrx_word' id='word_1_557' title='bbox 1708 1258 1749 1280; x_wconf 87' lang='lat' dir='ltr'>eo</span> <span class='ocrx_word' id='word_1_558' title='bbox 1760 1242 1821 1279; x_wconf 81' lang='lat' dir='ltr'>effe</span> <span class='ocrx_word' id='word_1_559' title='bbox 1831 1267 1842 1285; x_wconf 86' lang='lat'>‚</span> <span class='ocrx_word' id='word_1_560' title='bbox 1857 1253 1897 1279; x_wconf 83' lang='lat' dir='ltr'>vt</span> 
     </span>
     <span class='ocr_line' id='line_1_89' title="bbox 1096 1294 1898 1344; baseline -0.005 -12"><span class='ocrx_word' id='word_1_561' title='bbox 1096 1297 1137 1332; x_wconf 87' lang='lat' dir='ltr'>ad</span> <span class='ocrx_word' id='word_1_562' title='bbox 1149 1297 1230 1332; x_wconf 92' lang='lat' dir='ltr'>illud</span> <span class='ocrx_word' id='word_1_563' title='bbox 1239 1296 1376 1344; x_wconf 87' lang='lat' dir='ltr'>singulis</span> <span class='ocrx_word' id='word_1_564' title='bbox 1391 1294 1508 1330; x_wconf 84' lang='lat' dir='ltr'>diebus</span> <span class='ocrx_word' id='word_1_565' title='bbox 1519 1295 1711 1330; x_wconf 82' lang='lat' dir='ltr'>accedamus</span> <span class='ocrx_word' id='word_1_566' title='bbox 1724 1304 1823 1341; x_wconf 89' lang='lat' dir='ltr'>atque</span> <span class='ocrx_word' id='word_1_567' title='bbox 1839 1294 1898 1328; x_wconf 77' lang='lat' dir='ltr'>in-</span> 
     </span>
     <span class='ocr_line' id='line_1_90' title="bbox 1097 1340 1898 1392; baseline -0.005 -11"><span class='ocrx_word' id='word_1_568' title='bbox 1097 1356 1234 1381; x_wconf 87' lang='lat' dir='ltr'>tremus.</span> <span class='ocrx_word' id='word_1_569' title='bbox 1255 1347 1333 1380; x_wconf 90' lang='lat' dir='ltr'>Nos</span> <span class='ocrx_word' id='word_1_570' title='bbox 1347 1344 1483 1392; x_wconf 88' lang='lat' dir='ltr'>quidem</span> <span class='ocrx_word' id='word_1_571' title='bbox 1505 1344 1659 1391; x_wconf 90' lang='lat' dir='ltr'>quotidie</span> <span class='ocrx_word' id='word_1_572' title='bbox 1679 1342 1798 1379; x_wconf 87' lang='lat' dir='ltr'>faciem</span> <span class='ocrx_word' id='word_1_573' title='bbox 1824 1340 1898 1378; x_wconf 83' lang='lat' dir='ltr'>Dei</span> 
     </span>
     <span class='ocr_line' id='line_1_91' title="bbox 1099 1388 1899 1442; baseline -0.004 -13"><span class='ocrx_word' id='word_1_574' title='bbox 1099 1395 1379 1442; x_wconf 87' lang='lat' dir='ltr'>contemplamur,</span> <span class='ocrx_word' id='word_1_575' title='bbox 1390 1392 1443 1429; x_wconf 89' lang='lat' dir='ltr'>sed</span> <span class='ocrx_word' id='word_1_576' title='bbox 1456 1394 1524 1427; x_wconf 89' lang='lat' dir='ltr'>eius</span> <span class='ocrx_word' id='word_1_577' title='bbox 1536 1391 1750 1440; x_wconf 89' lang='lat' dir='ltr'>pucherrimo</span> <span class='ocrx_word' id='word_1_578' title='bbox 1764 1388 1899 1439; x_wconf 67' lang='lat' dir='ltr'>aspeem</span> 
     </span>
     <span class='ocr_line' id='line_1_92' title="bbox 1099 1437 1900 1491; baseline -0.004 -13"><span class='ocrx_word' id='word_1_579' title='bbox 1099 1444 1252 1479; x_wconf 83' lang='lat' dir='ltr'>nondum</span> <span class='ocrx_word' id='word_1_580' title='bbox 1275 1443 1401 1491; x_wconf 67' lang='lat' dir='ltr'>expleti</span> <span class='ocrx_word' id='word_1_581' title='bbox 1417 1452 1517 1490; x_wconf 89' lang='lat' dir='ltr'>atque</span> <span class='ocrx_word' id='word_1_582' title='bbox 1530 1440 1673 1477; x_wconf 82' lang='lat' dir='ltr'>exsatiati</span> <span class='ocrx_word' id='word_1_583' title='bbox 1686 1437 1796 1476; x_wconf 88' lang='lat' dir='ltr'>sumus</span> <span class='ocrx_word' id='word_1_584' title='bbox 1816 1439 1900 1475; x_wconf 80' lang='lat' dir='ltr'>ficut</span> 
     </span>
     <span class='ocr_line' id='line_1_93' title="bbox 1100 1490 1901 1541; baseline -0.004 -14"><span class='ocrx_word' id='word_1_585' title='bbox 1100 1494 1222 1528; x_wconf 88' lang='lat' dir='ltr'>erimus</span> <span class='ocrx_word' id='word_1_586' title='bbox 1233 1504 1335 1541; x_wconf 89' lang='lat' dir='ltr'>quum</span> <span class='ocrx_word' id='word_1_587' title='bbox 1347 1490 1372 1526; x_wconf 90' lang='lat' dir='ltr'>is</span> <span class='ocrx_word' id='word_1_588' title='bbox 1384 1503 1446 1526; x_wconf 91' lang='lat' dir='ltr'>nos</span> <span class='ocrx_word' id='word_1_589' title='bbox 1457 1491 1497 1525; x_wconf 89' lang='lat' dir='ltr'>ad</span> <span class='ocrx_word' id='word_1_590' title='bbox 1514 1490 1544 1525; x_wconf 91' lang='lat' dir='ltr'>se</span> <span class='ocrx_word' id='word_1_591' title='bbox 1563 1491 1749 1540; x_wconf 84' lang='lat' dir='ltr'>collegerit.</span> <span class='ocrx_word' id='word_1_592' title='bbox 1779 1491 1901 1537; x_wconf 81' lang='lat' dir='ltr'>Itaque</span> 
     </span>
     <span class='ocr_line' id='line_1_94' title="bbox 1100 1536 1900 1590; baseline -0.006 -13"><span class='ocrx_word' id='word_1_593' title='bbox 1100 1552 1237 1589; x_wconf 85' lang='lat' dir='ltr'>oportet</span> <span class='ocrx_word' id='word_1_594' title='bbox 1251 1551 1286 1576; x_wconf 93' lang='lat' dir='ltr'>vt</span> <span class='ocrx_word' id='word_1_595' title='bbox 1302 1542 1336 1576; x_wconf 91' lang='lat' dir='ltr'>in</span> <span class='ocrx_word' id='word_1_596' title='bbox 1347 1551 1468 1590; x_wconf 84' lang='lat' dir='ltr'>genere</span> <span class='ocrx_word' id='word_1_597' title='bbox 1476 1552 1593 1573; x_wconf 87' lang='lat' dir='ltr'>omnes</span> <span class='ocrx_word' id='word_1_598' title='bbox 1604 1539 1669 1575; x_wconf 90' lang='lat' dir='ltr'>hoc</span> <span class='ocrx_word' id='word_1_599' title='bbox 1684 1539 1724 1574; x_wconf 91' lang='lat' dir='ltr'>ad</span> <span class='ocrx_word' id='word_1_600' title='bbox 1735 1536 1829 1573; x_wconf 88' lang='lat' dir='ltr'>vsum</span> <span class='ocrx_word' id='word_1_601' title='bbox 1843 1538 1900 1573; x_wconf 89' lang='lat' dir='ltr'>vi-</span> 
     </span>
     <span class='ocr_line' id='line_1_95' title="bbox 1100 1586 1901 1638; baseline -0.007 -11"><span class='ocrx_word' id='word_1_602' title='bbox 1100 1602 1140 1627; x_wconf 87' lang='lat' dir='ltr'>tae</span> <span class='ocrx_word' id='word_1_603' title='bbox 1152 1590 1211 1625; x_wconf 89' lang='lat' dir='ltr'>suae</span> <span class='ocrx_word' id='word_1_604' title='bbox 1223 1591 1406 1638; x_wconf 78' lang='lat' dir='ltr'>applicent,</span> <span class='ocrx_word' id='word_1_605' title='bbox 1417 1593 1449 1625; x_wconf 76' lang='grc' dir='ltr'>δι</span> <span class='ocrx_word' id='word_1_606' title='bbox 1460 1600 1496 1624; x_wconf 91' lang='lat' dir='ltr'>vt</span> <span class='ocrx_word' id='word_1_607' title='bbox 1513 1591 1609 1623; x_wconf 88' lang='lat' dir='ltr'>Satan</span> <span class='ocrx_word' id='word_1_608' title='bbox 1621 1601 1690 1623; x_wconf 88' lang='lat' dir='ltr'>non</span> <span class='ocrx_word' id='word_1_609' title='bbox 1703 1586 1828 1623; x_wconf 80' lang='lat' dir='ltr'>desistit</span> <span class='ocrx_word' id='word_1_610' title='bbox 1841 1597 1901 1630; x_wconf 75' lang='lat' dir='ltr'>eos</span> 
     </span>
     <span class='ocr_line' id='line_1_96' title="bbox 1101 1637 1903 1686; baseline -0.002 -12"><span class='ocrx_word' id='word_1_611' title='bbox 1101 1652 1218 1675; x_wconf 89' lang='lat' dir='ltr'>omnes</span> <span class='ocrx_word' id='word_1_612' title='bbox 1234 1640 1397 1686; x_wconf 84' lang='lat' dir='ltr'>impedire</span> <span class='ocrx_word' id='word_1_613' title='bbox 1411 1651 1447 1672; x_wconf 86' lang='lat' dir='ltr'>ac</span> <span class='ocrx_word' id='word_1_614' title='bbox 1464 1637 1616 1677; x_wconf 84' lang='lat' dir='ltr'>turbare,</span> <span class='ocrx_word' id='word_1_615' title='bbox 1647 1638 1706 1686; x_wconf 89' lang='lat' dir='ltr'>qui</span> <span class='ocrx_word' id='word_1_616' title='bbox 1725 1637 1766 1671; x_wconf 82' lang='lat' dir='ltr'>ad</span> <span class='ocrx_word' id='word_1_617' title='bbox 1785 1638 1903 1672; x_wconf 86' lang='lat' dir='ltr'>Deum</span> 
     </span>
     <span class='ocr_line' id='line_1_97' title="bbox 1103 1685 1904 1734; baseline -0.005 -10"><span class='ocrx_word' id='word_1_618' title='bbox 1103 1688 1133 1724; x_wconf 93' lang='lat' dir='ltr'>se</span> <span class='ocrx_word' id='word_1_619' title='bbox 1146 1687 1342 1728; x_wconf 75' lang='lat' dir='ltr'>conferunt,</span> <span class='ocrx_word' id='word_1_620' title='bbox 1367 1687 1411 1722; x_wconf 88' lang='lat' dir='ltr'>sic</span> <span class='ocrx_word' id='word_1_621' title='bbox 1432 1686 1655 1734; x_wconf 89' lang='lat' dir='ltr'>vnusquisque</span> <span class='ocrx_word' id='word_1_622' title='bbox 1676 1685 1707 1720; x_wconf 92' lang='lat' dir='ltr'>se</span> <span class='ocrx_word' id='word_1_623' title='bbox 1721 1685 1904 1721; x_wconf 79' lang='lat' dir='ltr'>confirmet</span> 
     </span>
     <span class='ocr_line' id='line_1_98' title="bbox 1102 1734 1905 1786; baseline -0.006 -12"><span class='ocrx_word' id='word_1_624' title='bbox 1102 1737 1310 1786; x_wconf 85' lang='lat' dir='ltr'>omne‘rnque</span> <span class='ocrx_word' id='word_1_625' title='bbox 1321 1748 1456 1785; x_wconf 84' lang='lat' dir='ltr'>operam</span> <span class='ocrx_word' id='word_1_626' title='bbox 1470 1736 1526 1771; x_wconf 89' lang='lat' dir='ltr'>det</span> <span class='ocrx_word' id='word_1_627' title='bbox 1546 1760 1556 1776; x_wconf 91' lang='lat'><strong>,</strong></span> <span class='ocrx_word' id='word_1_628' title='bbox 1585 1747 1622 1771; x_wconf 82' lang='lat' dir='ltr'>Vt</span> <span class='ocrx_word' id='word_1_629' title='bbox 1635 1735 1728 1784; x_wconf 90' lang='lat' dir='ltr'>quod</span> <span class='ocrx_word' id='word_1_630' title='bbox 1741 1734 1851 1770; x_wconf 55' lang='lat' dir='ltr'>hodie&gt;</span> <span class='ocrx_word' id='word_1_631' title='bbox 1863 1746 1905 1777; x_wconf 46' lang='lat' dir='ltr'>ea,</span> 
     </span>
     <span class='ocr_line' id='line_1_99' title="bbox 1104 1783 1904 1836; baseline -0.004 -14"><span class='ocrx_word' id='word_1_632' title='bbox 1104 1789 1165 1836; x_wconf 85' lang='lat' dir='ltr'>git,</span> <span class='ocrx_word' id='word_1_633' title='bbox 1177 1789 1210 1822; x_wconf 90' lang='lat' dir='ltr'>in</span> <span class='ocrx_word' id='word_1_634' title='bbox 1223 1800 1261 1822; x_wconf 91' lang='lat' dir='ltr'>eo</span> <span class='ocrx_word' id='word_1_635' title='bbox 1271 1787 1403 1835; x_wconf 83' lang='lat' dir='ltr'>agendo</span> <span class='ocrx_word' id='word_1_636' title='bbox 1415 1787 1450 1821; x_wconf 89' lang='lat' dir='ltr'>in</span> <span class='ocrx_word' id='word_1_637' title='bbox 1465 1784 1599 1833; x_wconf 72' lang='lat' dir='ltr'>posterii</span> <span class='ocrx_word' id='word_1_638' title='bbox 1611 1783 1904 1833; x_wconf 75' lang='lat' dir='ltr'>perseueret-Nam</span> 
     </span>
     <span class='ocr_line' id='line_1_100' title="bbox 1104 1834 1905 1883; baseline -0.005 -11"><span class='ocrx_word' id='word_1_639' title='bbox 1104 1836 1127 1872; x_wconf 83' lang='lat' dir='ltr'>fi</span> <span class='ocrx_word' id='word_1_640' title='bbox 1140 1835 1243 1871; x_wconf 88' lang='lat' dir='ltr'>hostis</span> <span class='ocrx_word' id='word_1_641' title='bbox 1255 1849 1326 1871; x_wconf 89' lang='lat' dir='ltr'>non</span> <span class='ocrx_word' id='word_1_642' title='bbox 1337 1834 1642 1883; x_wconf 84' lang='lat' dir='ltr'>fatigatur,operam</span> <span class='ocrx_word' id='word_1_643' title='bbox 1656 1834 1735 1869; x_wconf 80' lang='lat' dir='ltr'>dans</span> <span class='ocrx_word' id='word_1_644' title='bbox 1746 1843 1782 1868; x_wconf 91' lang='lat' dir='ltr'>vt</span> <span class='ocrx_word' id='word_1_645' title='bbox 1790 1843 1905 1878; x_wconf 46' lang='lat' dir='ltr'>retroq</span> 
     </span>
     <span class='ocr_line' id='line_1_101' title="bbox 1105 1882 1903 1933; baseline -0.004 -12"><span class='ocrx_word' id='word_1_646' title='bbox 1105 1886 1220 1921; x_wconf 86' lang='lat' dir='ltr'>cedere</span> <span class='ocrx_word' id='word_1_647' title='bbox 1229 1897 1290 1920; x_wconf 89' lang='lat' dir='ltr'>nos</span> <span class='ocrx_word' id='word_1_648' title='bbox 1302 1895 1420 1933; x_wconf 81' lang='lat' dir='ltr'>cogat:</span> <span class='ocrx_word' id='word_1_649' title='bbox 1439 1883 1481 1919; x_wconf 75' lang='lat' dir='ltr'>eo</span> <span class='ocrx_word' id='word_1_650' title='bbox 1493 1885 1603 1918; x_wconf 84' lang='lat' dir='ltr'>minus</span> <span class='ocrx_word' id='word_1_651' title='bbox 1615 1883 1742 1918; x_wconf 87' lang='lat' dir='ltr'>animus</span> <span class='ocrx_word' id='word_1_652' title='bbox 1754 1882 1903 1929; x_wconf 88' lang='lat' dir='ltr'>despon-</span> 
     </span>
     <span class='ocr_line' id='line_1_102' title="bbox 1105 1930 1905 1979; baseline -0.005 -10"><span class='ocrx_word' id='word_1_653' title='bbox 1105 1934 1232 1970; x_wconf 86' lang='lat' dir='ltr'>dendus</span> <span class='ocrx_word' id='word_1_654' title='bbox 1245 1933 1302 1974; x_wconf 85' lang='lat' dir='ltr'>est,</span> <span class='ocrx_word' id='word_1_655' title='bbox 1316 1946 1351 1970; x_wconf 84' lang='lat' dir='ltr'>vr</span> <span class='ocrx_word' id='word_1_656' title='bbox 1360 1932 1488 1979; x_wconf 87' lang='lat' dir='ltr'>semper</span> <span class='ocrx_word' id='word_1_657' title='bbox 1497 1932 1767 1979; x_wconf 83' lang='lat' dir='ltr'>progrediamur,</span> <span class='ocrx_word' id='word_1_658' title='bbox 1778 1930 1846 1966; x_wconf 83' lang='lat' dir='ltr'>fine</span> <span class='ocrx_word' id='word_1_659' title='bbox 1857 1930 1905 1966; x_wconf 88' lang='lat' dir='ltr'>fi-</span> 
     </span>
     <span class='ocr_line' id='line_1_103' title="bbox 1104 1980 1906 2031; baseline -0.004 -13"><span class='ocrx_word' id='word_1_660' title='bbox 1104 1996 1148 2018; x_wconf 90' lang='lat' dir='ltr'>ne</span> <span class='ocrx_word' id='word_1_661' title='bbox 1161 1995 1261 2031; x_wconf 88' lang='lat' dir='ltr'>atque</span> <span class='ocrx_word' id='word_1_662' title='bbox 1271 1981 1513 2018; x_wconf 79' lang='lat' dir='ltr'>intermiffione</span> <span class='ocrx_word' id='word_1_663' title='bbox 1525 1992 1628 2015; x_wconf 81' lang='lat' dir='ltr'>nouas</span> <span class='ocrx_word' id='word_1_664' title='bbox 1642 1982 1725 2015; x_wconf 87' lang='lat' dir='ltr'>vires</span> <span class='ocrx_word' id='word_1_665' title='bbox 1736 1980 1906 2028; x_wconf 83' lang='lat' dir='ltr'>colligen-</span> 
     </span>
     <span class='ocr_line' id='line_1_104' title="bbox 1105 2024 1905 2077; baseline -0.006 -10"><span class='ocrx_word' id='word_1_666' title='bbox 1105 2043 1167 2068; x_wconf 86' lang='lat' dir='ltr'>tes.</span> <span class='ocrx_word' id='word_1_667' title='bbox 1195 2032 1257 2067; x_wconf 90' lang='lat' dir='ltr'>Sed</span> <span class='ocrx_word' id='word_1_668' title='bbox 1270 2031 1309 2066; x_wconf 87' lang='lat' dir='ltr'>ad</span> <span class='ocrx_word' id='word_1_669' title='bbox 1322 2044 1392 2066; x_wconf 86' lang='lat' dir='ltr'>eam</span> <span class='ocrx_word' id='word_1_670' title='bbox 1416 2043 1485 2065; x_wconf 87' lang='lat' dir='ltr'>rem</span> <span class='ocrx_word' id='word_1_671' title='bbox 1503 2041 1589 2077; x_wconf 90' lang='lat' dir='ltr'>opus</span> <span class='ocrx_word' id='word_1_672' title='bbox 1601 2024 1678 2064; x_wconf 79' lang='lat' dir='ltr'>esset</span> <span class='ocrx_word' id='word_1_673' title='bbox 1696 2029 1815 2063; x_wconf 85' lang='lat' dir='ltr'>animis</span> <span class='ocrx_word' id='word_1_674' title='bbox 1836 2039 1905 2063; x_wconf 59' lang='lat' dir='ltr'>nos</span> 
     </span>
     <span class='ocr_line' id='line_1_105' title="bbox 1106 2077 1907 2127; baseline -0.004 -11"><span class='ocrx_word' id='word_1_675' title='bbox 1106 2080 1179 2117; x_wconf 82' lang='lat' dir='ltr'>stris</span> <span class='ocrx_word' id='word_1_676' title='bbox 1195 2079 1394 2127; x_wconf 89' lang='lat' dir='ltr'>insculptum</span> <span class='ocrx_word' id='word_1_677' title='bbox 1410 2077 1470 2114; x_wconf 81' lang='lat' dir='ltr'>esse</span> <span class='ocrx_word' id='word_1_678' title='bbox 1491 2078 1574 2114; x_wconf 91' lang='lat' dir='ltr'>illud</span> <span class='ocrx_word' id='word_1_679' title='bbox 1599 2077 1745 2113; x_wconf 83' lang='lat' dir='ltr'>studium</span> <span class='ocrx_word' id='word_1_680' title='bbox 1763 2077 1857 2125; x_wconf 89' lang='lat' dir='ltr'>quod</span> <span class='ocrx_word' id='word_1_681' title='bbox 1869 2078 1907 2114; x_wconf 81' lang='lat' dir='ltr'>in</span> 
     </span>
     <span class='ocr_line' id='line_1_106' title="bbox 1107 2125 1908 2174; baseline -0.004 -9"><span class='ocrx_word' id='word_1_682' title='bbox 1107 2129 1243 2165; x_wconf 77' lang='lat' dir='ltr'>Dauide</span> <span class='ocrx_word' id='word_1_683' title='bbox 1261 2129 1423 2164; x_wconf 88' lang='lat' dir='ltr'>excelluit.</span> <span class='ocrx_word' id='word_1_684' title='bbox 1454 2128 1548 2163; x_wconf 90' lang='lat' dir='ltr'>Malo</span> <span class='ocrx_word' id='word_1_685' title='bbox 1562 2150 1572 2166; x_wconf 94' lang='lat'><strong>,</strong></span> <span class='ocrx_word' id='word_1_686' title='bbox 1594 2127 1704 2174; x_wconf 88' lang='lat' dir='ltr'>inquit</span> <span class='ocrx_word' id='word_1_687' title='bbox 1724 2149 1735 2166; x_wconf 89' lang='lat'>‚</span> <span class='ocrx_word' id='word_1_688' title='bbox 1756 2125 1908 2162; x_wconf 82' lang='lat' dir='ltr'>habitare</span> 
     </span>
     <span class='ocr_line' id='line_1_107' title="bbox 1107 2175 1908 2223; baseline -0.002 -10"><span class='ocrx_word' id='word_1_689' title='bbox 1107 2179 1258 2214; x_wconf 82' lang='lat' dir='ltr'>adlimen</span> <span class='ocrx_word' id='word_1_690' title='bbox 1279 2178 1398 2213; x_wconf 88' lang='lat' dir='ltr'>domus</span> <span class='ocrx_word' id='word_1_691' title='bbox 1408 2177 1476 2212; x_wconf 87' lang='lat' dir='ltr'>Dei</span> <span class='ocrx_word' id='word_1_692' title='bbox 1488 2200 1499 2216; x_wconf 89' lang='lat'><strong>,</strong></span> <span class='ocrx_word' id='word_1_693' title='bbox 1517 2175 1618 2223; x_wconf 70' lang='lat' dir='ltr'>quam</span> <span class='ocrx_word' id='word_1_694' title='bbox 1632 2176 1666 2209; x_wconf 92' lang='lat' dir='ltr'>in</span> <span class='ocrx_word' id='word_1_695' title='bbox 1684 2176 1842 2210; x_wconf 90' lang='lat' dir='ltr'>tentoriis</span> <span class='ocrx_word' id='word_1_696' title='bbox 1852 2186 1908 2211; x_wconf 81' lang='lat' dir='ltr'>ta-</span> 
     </span>
     <span class='ocr_line' id='line_1_108' title="bbox 1109 2223 1908 2274; baseline -0.004 -11"><span class='ocrx_word' id='word_1_697' title='bbox 1109 2225 1358 2274; x_wconf 81' lang='lat' dir='ltr'>bernaculisque</span> <span class='ocrx_word' id='word_1_698' title='bbox 1382 2226 1579 2273; x_wconf 89' lang='lat' dir='ltr'>iniquorum</span> <span class='ocrx_word' id='word_1_699' title='bbox 1591 2247 1600 2258; x_wconf 83' lang='lat'><strong><em>.</em></strong></span> <span class='ocrx_word' id='word_1_700' title='bbox 1635 2223 1770 2271; x_wconf 80' lang='lat' dir='ltr'>Qbus</span> <span class='ocrx_word' id='word_1_701' title='bbox 1794 2223 1908 2267; x_wconf 74' lang='lat' dir='ltr'>verbis</span> 
     </span>
     <span class='ocr_line' id='line_1_109' title="bbox 1111 2272 1908 2312; baseline -0.004 0"><span class='ocrx_word' id='word_1_702' title='bbox 1111 2277 1251 2312; x_wconf 88' lang='lat' dir='ltr'>declarat</span> <span class='ocrx_word' id='word_1_703' title='bbox 1263 2275 1292 2309; x_wconf 92' lang='lat' dir='ltr'>se</span> <span class='ocrx_word' id='word_1_704' title='bbox 1310 2285 1439 2310; x_wconf 86' lang='lat' dir='ltr'>tantum</span> <span class='ocrx_word' id='word_1_705' title='bbox 1454 2272 1656 2309; x_wconf 84' lang='lat' dir='ltr'>beneficium</span> <span class='ocrx_word' id='word_1_706' title='bbox 1675 2272 1853 2308; x_wconf 86' lang='lat' dir='ltr'>habitandi</span> <span class='ocrx_word' id='word_1_707' title='bbox 1871 2275 1908 2310; x_wconf 84' lang='lat' dir='ltr'>in</span> 
     </span>
     <span class='ocr_line' id='line_1_110' title="bbox 1113 2321 1910 2370; baseline -0.006 -9"><span class='ocrx_word' id='word_1_708' title='bbox 1113 2325 1215 2361; x_wconf 91' lang='lat' dir='ltr'>domo</span> <span class='ocrx_word' id='word_1_709' title='bbox 1238 2325 1307 2360; x_wconf 87' lang='lat' dir='ltr'>Dei</span> <span class='ocrx_word' id='word_1_710' title='bbox 1324 2323 1466 2358; x_wconf 84' lang='lat' dir='ltr'>libenter</span> <span class='ocrx_word' id='word_1_711' title='bbox 1476 2323 1728 2370; x_wconf 89' lang='lat' dir='ltr'>redempturum</span> <span class='ocrx_word' id='word_1_712' title='bbox 1740 2321 1799 2358; x_wconf 91' lang='lat' dir='ltr'>sub</span> <span class='ocrx_word' id='word_1_713' title='bbox 1813 2322 1910 2357; x_wconf 88' lang='lat' dir='ltr'>deie-</span> 
     </span>
     <span class='ocr_line' id='line_1_111' title="bbox 1113 2370 1910 2421; baseline -0.004 -12"><span class='ocrx_word' id='word_1_714' title='bbox 1113 2376 1226 2410; x_wconf 66' lang='lat' dir='ltr'>&lt;Srione</span> <span class='ocrx_word' id='word_1_715' title='bbox 1237 2386 1272 2408; x_wconf 81' lang='lat' dir='ltr'>ac</span> <span class='ocrx_word' id='word_1_716' title='bbox 1283 2374 1550 2421; x_wconf 85' lang='lat' dir='ltr'>contemptione.</span> <span class='ocrx_word' id='word_1_717' title='bbox 1567 2371 1827 2409; x_wconf 69' lang='lat' dir='ltr'>Consideremus</span> <span class='ocrx_word' id='word_1_718' title='bbox 1839 2370 1910 2406; x_wconf 87' lang='lat' dir='ltr'>ob-</span> 
     </span>
     <span class='ocr_line' id='line_1_112' title="bbox 1113 2421 1910 2471; baseline -0.003 -13"><span class='ocrx_word' id='word_1_719' title='bbox 1113 2423 1203 2458; x_wconf 83' lang='lat' dir='ltr'>secro</span> <span class='ocrx_word' id='word_1_720' title='bbox 1220 2434 1293 2471; x_wconf 83' lang='lat' dir='ltr'>quae</span> <span class='ocrx_word' id='word_1_721' title='bbox 1313 2421 1411 2457; x_wconf 87' lang='lat' dir='ltr'>fuerit</span> <span class='ocrx_word' id='word_1_722' title='bbox 1430 2423 1498 2457; x_wconf 89' lang='lat' dir='ltr'>eius</span> <span class='ocrx_word' id='word_1_723' title='bbox 1523 2421 1689 2456; x_wconf 90' lang='lat' dir='ltr'>conditio.</span> <span class='ocrx_word' id='word_1_724' title='bbox 1717 2421 1794 2455; x_wconf 88' lang='lat' dir='ltr'>Fuit</span> <span class='ocrx_word' id='word_1_725' title='bbox 1806 2431 1910 2468; x_wconf 88' lang='lat' dir='ltr'>gener</span> 
     </span>
     <span class='ocr_line' id='line_1_113' title="bbox 1113 2468 1909 2521; baseline -0.006 -13"><span class='ocrx_word' id='word_1_726' title='bbox 1113 2473 1217 2521; x_wconf 88' lang='lat' dir='ltr'>Regis</span> <span class='ocrx_word' id='word_1_727' title='bbox 1230 2495 1240 2512; x_wconf 91' lang='lat'>,</span> <span class='ocrx_word' id='word_1_728' title='bbox 1260 2483 1345 2508; x_wconf 92' lang='lat' dir='ltr'>vnus</span> <span class='ocrx_word' id='word_1_729' title='bbox 1370 2483 1408 2506; x_wconf 90' lang='lat' dir='ltr'>ex</span> <span class='ocrx_word' id='word_1_730' title='bbox 1432 2469 1639 2519; x_wconf 87' lang='lat' dir='ltr'>principibus</span> <span class='ocrx_word' id='word_1_731' title='bbox 1658 2468 1909 2512; x_wconf 71' lang='lat' dir='ltr'>totiusludaeae,</span> 
     </span>
     <span class='ocr_line' id='line_1_114' title="bbox 1114 2516 1910 2568; baseline -0.005 -11"><span class='ocrx_word' id='word_1_732' title='bbox 1114 2521 1247 2557; x_wconf 89' lang='lat' dir='ltr'>honore</span> <span class='ocrx_word' id='word_1_733' title='bbox 1268 2533 1304 2556; x_wconf 84' lang='lat' dir='ltr'>ac</span> <span class='ocrx_word' id='word_1_734' title='bbox 1317 2521 1481 2568; x_wconf 86' lang='lat' dir='ltr'>dignitate</span> <span class='ocrx_word' id='word_1_735' title='bbox 1498 2516 1746 2554; x_wconf 78' lang='lat' dir='ltr'>florentiffimus</span> <span class='ocrx_word' id='word_1_736' title='bbox 1764 2531 1774 2552; x_wconf 76' lang='lat' dir='ltr'>z</span> <span class='ocrx_word' id='word_1_737' title='bbox 1799 2527 1910 2554; x_wconf 86' lang='lat' dir='ltr'>tamen</span> 
     </span>
     <span class='ocr_line' id='line_1_115' title="bbox 1115 2566 1939 2617; baseline -0.004 -11"><span class='ocrx_word' id='word_1_738' title='bbox 1115 2570 1260 2617; x_wconf 84' lang='lat' dir='ltr'>libenter</span> <span class='ocrx_word' id='word_1_739' title='bbox 1268 2569 1310 2605; x_wconf 87' lang='lat' dir='ltr'>ab</span> <span class='ocrx_word' id='word_1_740' title='bbox 1320 2582 1360 2604; x_wconf 90' lang='lat' dir='ltr'>eo</span> <span class='ocrx_word' id='word_1_741' title='bbox 1372 2567 1530 2604; x_wconf 78' lang='lat' dir='ltr'>altiffimo</span> <span class='ocrx_word' id='word_1_742' title='bbox 1542 2568 1712 2616; x_wconf 84' lang='lat' dir='ltr'>dignitatis</span> <span class='ocrx_word' id='word_1_743' title='bbox 1722 2566 1823 2616; x_wconf 86' lang='lat' dir='ltr'>gradu</span> <span class='ocrx_word' id='word_1_744' title='bbox 1837 2568 1911 2603; x_wconf 85' lang='lat' dir='ltr'>vult</span> <span class='ocrx_word' id='word_1_745' title='bbox 1933 2580 1939 2582; x_wconf 67' lang='grc'>’</span> 
     </span>
     <span class='ocr_line' id='line_1_116' title="bbox 1118 2615 1911 2666; baseline -0.004 -11"><span class='ocrx_word' id='word_1_746' title='bbox 1118 2620 1252 2655; x_wconf 88' lang='lat' dir='ltr'>demitti</span> <span class='ocrx_word' id='word_1_747' title='bbox 1272 2643 1283 2660; x_wconf 92' lang='lat'>,</span> <span class='ocrx_word' id='word_1_748' title='bbox 1301 2629 1400 2666; x_wconf 86' lang='lat' dir='ltr'>atque</span> <span class='ocrx_word' id='word_1_749' title='bbox 1419 2619 1452 2652; x_wconf 93' lang='lat' dir='ltr'>in</span> <span class='ocrx_word' id='word_1_750' title='bbox 1472 2616 1626 2652; x_wconf 86' lang='lat' dir='ltr'>infimum</span> <span class='ocrx_word' id='word_1_751' title='bbox 1643 2617 1734 2664; x_wconf 86' lang='lat' dir='ltr'>vulgi</span> <span class='ocrx_word' id='word_1_752' title='bbox 1752 2615 1911 2652; x_wconf 87' lang='lat' dir='ltr'>ordinem</span> 
     </span>
     <span class='ocr_line' id='line_1_117' title="bbox 1118 2665 1912 2716; baseline -0.003 -13"><span class='ocrx_word' id='word_1_753' title='bbox 1118 2669 1226 2714; x_wconf 77' lang='lat' dir='ltr'>redigi</span> <span class='ocrx_word' id='word_1_754' title='bbox 1247 2691 1258 2708; x_wconf 86' lang='lat'>‚</span> <span class='ocrx_word' id='word_1_755' title='bbox 1282 2667 1389 2703; x_wconf 73' lang='lat' dir='ltr'>modo</span> <span class='ocrx_word' id='word_1_756' title='bbox 1409 2668 1564 2716; x_wconf 81' lang='lat' dir='ltr'>exiguum</span> <span class='ocrx_word' id='word_1_757' title='bbox 1587 2665 1732 2714; x_wconf 88' lang='lat' dir='ltr'>aliquem</span> <span class='ocrx_word' id='word_1_758' title='bbox 1751 2665 1912 2712; x_wconf 89' lang='lat' dir='ltr'>angulum</span> 
     </span>
     <span class='ocr_line' id='line_1_118' title="bbox 1118 2713 1912 2764; baseline -0.003 -12"><span class='ocrx_word' id='word_1_759' title='bbox 1118 2717 1294 2764; x_wconf 83' lang='lat' dir='ltr'>intemplo</span> <span class='ocrx_word' id='word_1_760' title='bbox 1306 2718 1374 2752; x_wconf 90' lang='lat' dir='ltr'>Dei</span> <span class='ocrx_word' id='word_1_761' title='bbox 1395 2716 1515 2751; x_wconf 86' lang='lat' dir='ltr'>habere</span> <span class='ocrx_word' id='word_1_762' title='bbox 1525 2713 1636 2763; x_wconf 82' lang='lat' dir='ltr'>poffit.</span> <span class='ocrx_word' id='word_1_763' title='bbox 1663 2715 1696 2749; x_wconf 92' lang='lat' dir='ltr'>Si</span> <span class='ocrx_word' id='word_1_764' title='bbox 1708 2715 1742 2749; x_wconf 92' lang='lat' dir='ltr'>in</span> <span class='ocrx_word' id='word_1_765' title='bbox 1752 2714 1912 2750; x_wconf 86' lang='lat' dir='ltr'>omnium</span> 
     </span>
     <span class='ocr_line' id='line_1_119' title="bbox 1118 2762 1912 2802; baseline -0.004 -1"><span class='ocrx_word' id='word_1_766' title='bbox 1118 2766 1238 2801; x_wconf 88' lang='lat' dir='ltr'>animis</span> <span class='ocrx_word' id='word_1_767' title='bbox 1255 2765 1319 2801; x_wconf 89' lang='lat' dir='ltr'>hoc</span> <span class='ocrx_word' id='word_1_768' title='bbox 1332 2764 1529 2801; x_wconf 81' lang='lat' dir='ltr'>desiderium</span> <span class='ocrx_word' id='word_1_769' title='bbox 1541 2763 1728 2802; x_wconf 85' lang='lat' dir='ltr'>obtineret,</span> <span class='ocrx_word' id='word_1_770' title='bbox 1743 2774 1812 2797; x_wconf 88' lang='lat' dir='ltr'>non</span> <span class='ocrx_word' id='word_1_771' title='bbox 1824 2762 1912 2798; x_wconf 63' lang='lat' dir='ltr'>adeo</span> 
     </span>
     <span class='ocr_line' id='line_1_120' title="bbox 1119 2810 1913 2861; baseline -0.004 -11"><span class='ocrx_word' id='word_1_772' title='bbox 1119 2814 1308 2851; x_wconf 86' lang='lat' dir='ltr'>laborarent</span> <span class='ocrx_word' id='word_1_773' title='bbox 1320 2825 1356 2849; x_wconf 89' lang='lat' dir='ltr'>vt</span> <span class='ocrx_word' id='word_1_774' title='bbox 1363 2812 1426 2849; x_wconf 90' lang='lat' dir='ltr'>sese</span> <span class='ocrx_word' id='word_1_775' title='bbox 1445 2814 1600 2861; x_wconf 83' lang='lat' dir='ltr'>expedire</span> <span class='ocrx_word' id='word_1_776' title='bbox 1618 2810 1765 2861; x_wconf 72' lang='lat' dir='ltr'>possent:</span> <span class='ocrx_word' id='word_1_777' title='bbox 1778 2822 1839 2846; x_wconf 91' lang='lat' dir='ltr'>nec</span> <span class='ocrx_word' id='word_1_778' title='bbox 1849 2811 1913 2848; x_wconf 85' lang='lat' dir='ltr'>ad-</span> 
     </span>
     <span class='ocr_line' id='line_1_121' title="bbox 1120 2859 1914 2912; baseline -0.005 -12"><span class='ocrx_word' id='word_1_779' title='bbox 1120 2877 1162 2900; x_wconf 90' lang='lat' dir='ltr'>eo</span> <span class='ocrx_word' id='word_1_780' title='bbox 1182 2863 1310 2912; x_wconf 71' lang='lat' dir='ltr'>prolixe</span> <span class='ocrx_word' id='word_1_781' title='bbox 1330 2863 1467 2900; x_wconf 75' lang='lat' dir='ltr'>&amp;anxie</span> <span class='ocrx_word' id='word_1_782' title='bbox 1487 2862 1703 2909; x_wconf 87' lang='lat' dir='ltr'>disceptarent</span> <span class='ocrx_word' id='word_1_783' title='bbox 1720 2859 1762 2895; x_wconf 91' lang='lat' dir='ltr'>de</span> <span class='ocrx_word' id='word_1_784' title='bbox 1773 2872 1914 2908; x_wconf 83' lang='lat' dir='ltr'>permu-</span> 
     </span>
     <span class='ocr_line' id='line_1_122' title="bbox 1121 2909 1910 2956; baseline -0.005 -8"><span class='ocrx_word' id='word_1_785' title='bbox 1121 2914 1248 2949; x_wconf 87' lang='lat' dir='ltr'>tatione</span> <span class='ocrx_word' id='word_1_786' title='bbox 1278 2911 1426 2948; x_wconf 85' lang='lat' dir='ltr'>facienda</span> <span class='ocrx_word' id='word_1_787' title='bbox 1441 2936 1450 2951; x_wconf 93' lang='lat'>‚</span> <span class='ocrx_word' id='word_1_788' title='bbox 1473 2921 1510 2946; x_wconf 89' lang='lat' dir='ltr'>vt</span> <span class='ocrx_word' id='word_1_789' title='bbox 1539 2912 1650 2947; x_wconf 64' lang='lat' dir='ltr'>reuera</span> <span class='ocrx_word' id='word_1_790' title='bbox 1673 2909 1777 2944; x_wconf 89' lang='lat' dir='ltr'>domo</span> <span class='ocrx_word' id='word_1_791' title='bbox 1794 2914 1828 2946; x_wconf 74' lang='grc' dir='ltr'>δι</span> <span class='ocrx_word' id='word_1_792' title='bbox 1848 2921 1910 2956; x_wconf 79' lang='lat' dir='ltr'>pa·-</span> 
     </span>
     <span class='ocr_line' id='line_1_123' title="bbox 1119 2955 1913 3009; baseline -0.005 -11"><span class='ocrx_word' id='word_1_793' title='bbox 1119 2965 1182 2999; x_wconf 88' lang='lat' dir='ltr'>tria</span> <span class='ocrx_word' id='word_1_794' title='bbox 1200 2963 1240 3003; x_wconf 88' lang='lat' dir='ltr'>ad</span> <span class='ocrx_word' id='word_1_795' title='bbox 1257 2962 1439 3009; x_wconf 89' lang='lat' dir='ltr'>Templum</span> <span class='ocrx_word' id='word_1_796' title='bbox 1469 2960 1537 2996; x_wconf 90' lang='lat' dir='ltr'>Dei</span> <span class='ocrx_word' id='word_1_797' title='bbox 1565 2959 1595 2996; x_wconf 88' lang='lat' dir='ltr'>se</span> <span class='ocrx_word' id='word_1_798' title='bbox 1616 2955 1816 2995; x_wconf 88' lang='lat' dir='ltr'>conferrent.</span> <span class='ocrx_word' id='word_1_799' title='bbox 1847 2957 1913 2994; x_wconf 80' lang='lat' dir='ltr'>Sed</span> 
     </span>
     <span class='ocr_line' id='line_1_124' title="bbox 1121 3004 1913 3060; baseline -0.004 -14"><span class='ocrx_word' id='word_1_800' title='bbox 1121 3011 1274 3060; x_wconf 87' lang='lat' dir='ltr'>perpauci</span> <span class='ocrx_word' id='word_1_801' title='bbox 1285 3012 1493 3059; x_wconf 86' lang='lat' dir='ltr'>reperiuntur</span> <span class='ocrx_word' id='word_1_802' title='bbox 1504 3009 1561 3058; x_wconf 90' lang='lat' dir='ltr'>qui</span> <span class='ocrx_word' id='word_1_803' title='bbox 1573 3008 1832 3044; x_wconf 85' lang='lat' dir='ltr'>diminutionem</span> <span class='ocrx_word' id='word_1_804' title='bbox 1845 3004 1913 3043; x_wconf 81' lang='lat' dir='ltr'>for·</span> 
     </span>
     <span class='ocr_line' id='line_1_125' title="bbox 1119 3053 1914 3108; baseline -0.014 -11"><span class='ocrx_word' id='word_1_805' title='bbox 1119 3073 1272 3100; x_wconf 84' lang='lat' dir='ltr'>tunarum</span> <span class='ocrx_word' id='word_1_806' title='bbox 1293 3059 1417 3095; x_wconf 84' lang='lat' dir='ltr'>suarum</span> <span class='ocrx_word' id='word_1_807' title='bbox 1437 3071 1532 3108; x_wconf 84' lang='lat' dir='ltr'>aequo</span> <span class='ocrx_word' id='word_1_808' title='bbox 1553 3058 1666 3092; x_wconf 83' lang='lat' dir='ltr'>animo</span> <span class='ocrx_word' id='word_1_809' title='bbox 1686 3053 1769 3091; x_wconf 87' lang='lat' dir='ltr'>ferre</span> <span class='ocrx_word' id='word_1_810' title='bbox 1789 3060 1823 3093; x_wconf 87' lang='lat'>&amp;</span> <span class='ocrx_word' id='word_1_811' title='bbox 1849 3067 1914 3091; x_wconf 76' lang='lat' dir='ltr'>ve-</span> 
     </span>
     <span class='ocr_line' id='line_1_126' title="bbox 1123 3103 1913 3157; baseline -0.004 -13"><span class='ocrx_word' id='word_1_812' title='bbox 1123 3110 1227 3146; x_wconf 87' lang='lat' dir='ltr'>lint&amp;</span> <span class='ocrx_word' id='word_1_813' title='bbox 1239 3108 1372 3157; x_wconf 85' lang='lat' dir='ltr'>poffint.</span> <span class='ocrx_word' id='word_1_814' title='bbox 1395 3103 1631 3157; x_wconf 82' lang='lat' dir='ltr'>Vnusquisqne</span> <span class='ocrx_word' id='word_1_815' title='bbox 1650 3104 1792 3140; x_wconf 71' lang='lat' dir='ltr'>maxime</span> <span class='ocrx_word' id='word_1_816' title='bbox 1809 3105 1913 3142; x_wconf 84' lang='lat' dir='ltr'>vellet</span> 
     </span>
     <span class='ocr_line' id='line_1_127' title="bbox 1122 3154 1912 3203; baseline -0.008 -9"><span class='ocrx_word' id='word_1_817' title='bbox 1122 3157 1154 3194; x_wconf 81' lang='lat' dir='ltr'>se</span> <span class='ocrx_word' id='word_1_818' title='bbox 1165 3158 1433 3194; x_wconf 74' lang='lat' dir='ltr'>molliterleetica</span> <span class='ocrx_word' id='word_1_819' title='bbox 1445 3156 1609 3203; x_wconf 82' lang='lat' dir='ltr'>deportari</span> <span class='ocrx_word' id='word_1_820' title='bbox 1622 3177 1632 3193; x_wconf 87' lang='lat'><strong><em>‚</em></strong></span> <span class='ocrx_word' id='word_1_821' title='bbox 1646 3164 1682 3188; x_wconf 91' lang='lat' dir='ltr'>vt</span> <span class='ocrx_word' id='word_1_822' title='bbox 1698 3155 1811 3189; x_wconf 88' lang='lat' dir='ltr'>Deum</span> <span class='ocrx_word' id='word_1_823' title='bbox 1824 3154 1912 3190; x_wconf 88' lang='lat' dir='ltr'>ado—</span> 
     </span>
     <span class='ocr_line' id='line_1_128' title="bbox 1122 3202 1912 3252; baseline -0.008 -9"><span class='ocrx_word' id='word_1_824' title='bbox 1122 3219 1206 3243; x_wconf 87' lang='lat' dir='ltr'>raret</span> <span class='ocrx_word' id='word_1_825' title='bbox 1214 3219 1254 3242; x_wconf 89' lang='lat' dir='ltr'>eo</span> <span class='ocrx_word' id='word_1_826' title='bbox 1265 3208 1298 3242; x_wconf 91' lang='lat' dir='ltr'>in</span> <span class='ocrx_word' id='word_1_827' title='bbox 1311 3206 1455 3243; x_wconf 84' lang='lat' dir='ltr'>loco-vbi</span> <span class='ocrx_word' id='word_1_828' title='bbox 1465 3206 1498 3241; x_wconf 92' lang='lat' dir='ltr'>id</span> <span class='ocrx_word' id='word_1_829' title='bbox 1508 3203 1610 3240; x_wconf 72' lang='lat' dir='ltr'>libere</span> <span class='ocrx_word' id='word_1_830' title='bbox 1622 3202 1693 3237; x_wconf 85' lang='lat' dir='ltr'>fieri</span> <span class='ocrx_word' id='word_1_831' title='bbox 1704 3202 1912 3252; x_wconf 59' lang='lat' dir='ltr'>potest-Pre-</span> 
     </span>
     <span class='ocr_line' id='line_1_129' title="bbox 1121 3252 1909 3338; baseline -0.011 -44"><span class='ocrx_word' id='word_1_832' title='bbox 1121 3264 1213 3306; x_wconf 67' lang='lat' dir='ltr'>terea</span> <span class='ocrx_word' id='word_1_833' title='bbox 1220 3267 1256 3294; x_wconf 81' lang='lat' dir='ltr'>vt</span> <span class='ocrx_word' id='word_1_834' title='bbox 1266 3252 1559 3307; x_wconf 74' lang='lat' dir='ltr'>agri‚posseffiones</span> <span class='ocrx_word' id='word_1_835' title='bbox 1570 3264 1698 3296; x_wconf 86' lang='lat' dir='ltr'>omnes,</span> <span class='ocrx_word' id='word_1_836' title='bbox 1704 3252 1909 3338; x_wconf 37' lang='lat' dir='ltr'>negotia-pito,</span> 
     </span>
    </p>

    <p class='ocr_par' dir='ltr' id='par_1_7' title="bbox 1793 3312 1908 3351">
     <span class='ocr_line' id='line_1_130' title="bbox 1793 3312 1908 3351; baseline 0.009 -1"><span class='ocrx_word' id='word_1_837' title='bbox 1793 3313 1846 3350; x_wconf 62' lang='lat'>,⁴¹¹¹</span> <span class='ocrx_word' id='word_1_838' title='bbox 1874 3312 1908 3351; x_wconf 68' lang='lat'>⁸:</span> 
     </span>
    </p>
   </div>
  </div>
 </body>
</html>
