2113 3674
332 210 396 248 950
765 193 1550 245 ιιΛΜνιοῐκπιτιοῪῐότιΜΑῆΔ

338 259 486 309 Qndo
507 258 580 294 sunt
598 253 741 292 eiusdem
762 255 891 303 generis
903 267 939 290 ac
952 255 1127 301 temporis-

337 314 476 359 Negant
489 320 598 344 autem
611 308 644 341 in
657 305 849 340 Sacrametis
871 307 993 339 veteris
1005 309 1035 340 δι
1048 308 1130 337 noui

338 358 548 396 Testamenti
559 356 612 390 ide
623 354 682 390 ess'e
692 354 890 402 genus‚quia
901 356 935 387 in
945 354 1048 387 veteri
1057 354 1129 386 Te-

342 403 779 453 stament0,proferebantur
790 402 899 451 figurae
912 407 943 438 δι
957 401 1129 441 vmbrae‚in

342 471 434 493 nouo
446 468 494 491 res
507 452 573 502 ipsa
583 453 768 489 luculenter
778 451 1061 492 exhibetur,ficuti
1073 462 1129 485 ex-

343 505 444 555 presse
459 505 557 539 verba
568 501 685 537 sonant
695 525 706 542 ,
729 500 862 536 Hocest
875 512 993 548 corpus
1005 512 1130 535 meum.

341 553 518 603 atquiside
533 551 641 587 verbis
665 551 711 586 est
730 548 945 596 disceptatio,
965 551 1075 584 eadem
1095 548 1130 582 in

342 604 447 639 veteri
472 613 613 650 *quoque
638 598 856 635 Tcsttimento
877 600 1053 646 leguntur,
1071 609 1131 631 nec

341 653 450 701 magis
459 651 607 687 dilucida
620 649 833 696 estloquendl
848 646 954 683 forma
965 671 974 686 ,
997 649 1074 681 Hoc
1087 645 1132 680 est

342 703 463 751 corpus
471 713 583 738 mcum
596 723 605 738 ‚
624 699 725 746 quam
737 722 754 739 ,.
767 701 887 745 Agnus
906 696 952 731 est
967 695 1131 734 transitus,

343 749 555 794 Cir'cuncisio
569 748 614 784 est
628 748 736 784 foedus
751 744 1132 791 meum.Desinantergo

343 798 636 837 inanenbrenderc
650 796 876 845 praeiudicium
889 808 926 830 ex
941 793 1049 828 verbis
1062 816 1072 832 ,
1092 795 1133 827 de

343 861 487 899 quorum
508 847 596 883 sensu
615 852 647 884 &
667 845 887 892 intelligentia
904 845 942 878 lis
965 843 1054 877 inter.
1071 853 1134 877 nos

342 898 552 948 pendet.1am
566 894 733 932 diuersitas
744 893 919 941 hec,quam
930 891 1132 930 obtendunt,

345 948 550 984 Serueticurn
563 942 827 990 deliriumwsapit,
842 941 903 977 acsi
917 941 1015 975 sancti
1027 950 1134 988 patres

344 998 444 1033 nudis
455 995 571 1043 figuris
579 994 731 1030 contenti
743 992 865 1026 nullam
875 988 1058 1025 habuiffent
1068 1001 1133 1023 no·

344 1044 475 1082 biscum
497 1044 665 1079 donorum
695 1041 911 1089 spiritualium
931 1038 1133 1074 societatemi

344 1094 452 1131 fateor
463 1094 600 1141 quidem
625 1104 732 1127 rerum
746 1089 929 1126 futurarum
950 1086 1134 1135 propositas

342 1145 408 1180 illis
430 1142 520 1178 fuisse
533 1142 664 1177 vmbras
679 1164 689 1180 ‚
703 1139 809 1175 modo
821 1139 886 1174 hoc
899 1135 1135 1172 viciffimcon·

342 1193 419 1234 stet,
432 1191 571 1227 Christi'i
582 1192 646 1225 iuis
660 1190 755 1225 simul
767 1189 866 1223 etiam
879 1185 968 1222 fuisse
980 1184 1135 1233 proposi,-

343 1253 415 1278 tum
425 1265 436 1282 ,
448 1254 489 1276 ne
499 1240 653 1276 inanibus
666 1238 781 1287 figuris
794 1236 921 1273 delusos
936 1234 1024 1270 fuiise
1038 1237 1136 1282 pute,-

343 1289 537 1327 mus.Certe
551 1290 670 1325 eodem
684 1287 771 1322 sensu
783 1290 900 1334 Agnus
911 1286 974 1320 illis
984 1283 1047 1318 fuit
1060 1281 1136 1318 Pas—

343 1341 418 1380 cha.
434 1345 466 1377 &
479 1337 688 1375 circuncisio
701 1335 907 1383 foedus,1quo
919 1333 1018 1368 nobis
1033 1332 1137 1368 hodie

342 1391 436 1440 panis
446 1388 492 1424 est
502 1399 715 1435 corpuS.nai·ri
725 1385 817 1433 quod
831 1383 1009 1423 causantur,
1021 1395 1058 1417 ex
1067 1394 1136 1430 quo

342 1438 512 1475 exhibitus
524 1437 570 1473 est
584 1436 711 1472 mundo
725 1433 876 1471 Christus
887 1457 897 1474 ‚
911 1445 978 1466 non
993 1433 1136 1479 amplius

340 1488 405 1524 esse
418 1488 503 1536 typis
516 1488 628 1523 locum
643 1509 653 1525 ‚
678 1498 747 1519 non
761 1484 866 1519 ibium
880 1495 917 1517 ex
932 1479 1020 1517 foeda
1032 1483 1134 1537 igno-

343 1538 448 1573 rantia
458 1546 580 1574 manat,
592 1535 644 1571 sed
658 1534 763 1582 palam
775 1531 920 1567 ostendit
929 1543 983 1565 eos
995 1528 1136 1577 superbo

344 1596 545 1630 contemptu
558 1584 683 1619 Christi
696 1586 834 1631 gratiam
847 1578 1007 1628 respuere.
1030 1578 1135 1615 Sicci·

343 1649 386 1671 ne
397 1633 539 1682 perseo&
550 1634 595 1669 est
606 1634 671 1667 illis
682 1633 762 1670 fides
771 1654 782 1671 ,
794 1641 829 1665 vt
840 1630 970 1664 reiectis
979 1641 1135 1676 typorum

342 1684 551 1719 adminiculis
564 1706 575 1722 ,
597 1681 768 1718 Christum
785 1677 975 1726 praesentem
989 1679 1135 1725 capiant?

342 1735 387 1770 Et
399 1731 554 1781 quorsum
569 1733 711 1767 Coemm
722 1743 757 1764 ac
771 1726 976 1776 Baptismum
993 1727 1136 1762 instituit

343 1781 510 1822 Christus,
520 1779 579 1816 nisi
592 1792 626 1815 vt
639 1791 793 1828 typorum
809 1775 969 1812 vehiculis
979 1789 1039 1811 nos
1052 1777 1092 1811 ad
1106 1775 1136 1810 se

343 1830 469 1867 sursum
479 1832 609 1879 erigens
621 1854 631 1870 ,
654 1828 841 1864 infirmitati
853 1826 970 1862 nostrae
982 1824 1135 1873 consule,

342 1883 417 1918 ret‘?
436 1882 554 1915 Fateor
578 1878 714 1926 quidem
729 1889 850 1923 corpus
869 1880 902 1912 &
923 1874 1135 1921 substantiam

343 1930 546 1976 eorumquae
555 1930 622 1962 Lex
633 1924 970 1963 adumbrabat3hodie
983 1925 1016 1958 in
1031 1924 1134 1968 Chri-

342 1979 393 2015 sto
406 1977 568 2022 constare,
581 1975 672 2010 sicuti
683 1973 904 2022 apertedocet
915 1974 1045 2007 Paulus:
1054 1976 1133 2008 τηα-

342 2026 399 2063 ιῙὰ-
411 2027 475 2062 hoc
491 2026 535 2061 *ad
554 2024 699 2067 diuersos
716 2020 930 2070 significandi
946 2023 1069 2055 modos
1082 2034 1136 2056 re,

342 2075 481 2116 feratur,
500 2087 570 2109 non
589 2084 699 2108 autem
713 2069 841 2120 prorsus
863 2069 1135 2104 collaturanobis

343 2116 514 2174 {ignorum
525 2123 596 2159 vsus
606 2146 616 2162 ‚
638 2134 736 2169 quem
756 2131 826 2154 non
845 2119 955 2152 minus
965 2117 1064 2152 nobis
1075 2117 1135 2153 effe

344 2174 555 2211 necessaium
581 2170 683 2220 quam
705 2169 836 2204 vetustis
864 2166 1012 2214 patribus
1035 2179 1136 2214 expe*

345 2225 464 2259 rient'ia
473 2220 691 2264 demonstrat.
720 2216 888 2253 Caeterum
901 2227 936 2250 vt
947 2214 976 2250 se
990 2216 1135 2264 Magde-

346 2269 526 2321 burgenses
547 2269 746 2318 expediant,
774 2266 941 2314 pueriliter
960 2265 1078 2299 ludunt
1099 2266 1135 2298 in

345 2324 432 2356 voc'e
447 2319 575 2355 Peccati
585 2341 595 2358 ‚
608 2318 685 2353 dum
700 2316 803 2350 hostia
813 2315 1008 2349 nominatur
1018 2312 1134 2361 pe'cca-

348 2382 434 2405 tum,
454 2367 543 2417 quasi
571 2366 651 2401 vero
674 2365 739 2400 hoc
762 2364 959 2400 testimonio
980 2375 1042 2397 nos
1063 2373 1135 2397 vta-

345 2431 433 2455 mur.
477 2420 547 2453 Cur
567 2428 636 2451 non
655 2415 766 2462 potius
785 2413 825 2448 ad
841 2413 901 2447 alia
920 2411 1134 2459 respondent,

349 2467 472 2515 quibus
486 2464 652 2501 diluendis
665 2463 752 2498 nulla
764 2474 876 2496 eorum
890 2461 1061 2508 garrulitas
1071 2458 1135 2494 suf-

351 2515 468 2552 ficiet?
494 2514 631 2562 Sanguis
652 2511 787 2560 pecudis
808 2512 950 2558 expiatio
970 2508 1029 2544 esse
1051 2510 1137 2544 dici-

350 2577 403 2601 tur
414 2590 422 2605 ,
447 2561 656 2601 Circuncisio
678 2570 814 2595 vocatur
835 2558 997 2594 Christus.
1020 2557 1074 2593 hic
1097 2559 1137 2593 de

351 2625 441 2650 reatu
455 2619 485 2650 &
501 2625 599 2660 poena
621 2607 847 2659 philosophari
868 2607 951 2642 nihil
969 2606 1044 2655 ipsis
1056 2620 1137 2654 pro-

351 2664 449 2698 derit.
466 2664 554 2712 Qa
566 2672 674 2695 autem
689 2659 803 2693 vident
814 2654 843 2690 se
853 2656 960 2692 adhuc
971 2655 1138 2692 constrin-

353 2714 407 2760 gi,
427 2712 552 2746 bonam
568 2710 589 2745 fi
609 2708 685 2758 ipsis
703 2707 864 2744 creditur,
889 2706 1138 2753 interpretatio-

353 2774 431 2796 nem
444 2760 636 2808 excogitant
649 2782 659 2798 ,
677 2756 768 2805 quod
778 2758 894 2802 Agnus
905 2768 973 2790 non
985 2754 1138 2802 figurati-

353 2810 414 2848 ue,
434 2808 488 2843 sed
510 2821 544 2842 re
564 2807 630 2855 ipsa
651 2804 800 2840 transitus
817 2803 869 2838 'sit-
887 2803 965 2839 sicut
986 2802 1138 2839 Christus

303 2864 305 2867 “
352 2870 491 2893 vocatur
502 2856 619 2893 Pascha
631 2854 779 2890 nostrum
791 2876 802 2892 ,
820 2864 888 2887 non
898 2864 1053 2900 tanquam
1066 2865 1139 2887 rne-

354 2907 514 2945 moriale,
536 2904 586 2940 sed
605 2906 682 2952 quia
705 2911 766 2938 nos
777 2901 1027 2948 redemit.atqui
1042 2912 1136 2948 puta-

354 2953 526 2991 bam-ideo
548 2953 719 2989 Christum
745 2951 856 2987 vocari
878 2949 1016 2990 Pascha,
1045 2949 1140 2998 quod

354 3004 477 3053 Legale
494 3002 576 3038 illud
592 3001 786 3037 sacrificium
800 3023 810 3040 ‚
828 3010 924 3046 typus
943 2999 1010 3032 eius
1029 2996 1140 3039 fuerit,

356 3067 391 3089 ac
415 3056 448 3088 in
470 3050 625 3099 mysterio
646 3049 883 3098 rcpraesentarit
911 3059 1018 3094 quam.
1031 3047 1141 3094 spera*-

353 3093 728 3147 bantstdemptionemt
756 3098 848 3146 quod
859 3095 882 3132 si
892 3099 935 3131 ita
945 3094 991 3130 est
1001 3119 1011 3134 ,
1031 3096 1141 3130 solidae

356 3153 460 3200 igitur
479 3154 512 3187 &
532 3161 657 3184 aeternae
677 3147 883 3182 liberationis
903 3143 1030 3193 signum
1043 3150 1075 3181 ὅ(
1089 3146 1142 3192 pi-

353 3212 442 3249 gnus
453 3198 514 3235 suit
530 3201 644 3246 Agnus
655 3198 710 3231 ille
723 3198 824 3231 veteri
844 3195 972 3242 populo
983 3216 994 3232 ‚
1015 3205 1083 3227 non
1094 3193 1142 3228 se·-

356 3262 413 3286 cus
432 3261 469 3284 ac
485 3247 590 3290 *nobis
611 3246 712 3280 hodie
734 3245 779 3279 est
798 3247 888 3292 panis
909 3245 1035 3278 Coenae.
1066 3245 1143 3278 Caea

356 3298 467 3342 terum
478 3297 500 3333 si
512 3306 673 3347 quaeratur
683 3319 696 3337 ,
714 3307 754 3329 an
772 3294 895 3329 nullam
909 3292 1088 3328 admittant
1100 3290 1144 3339 ίί·ι

1177 253 1430 302 gnificationem
1463 255 1498 290 in
1529 256 1652 290 Coena.
1682 254 1727 290 ita
1757 253 1972 303 respondent,

1176 305 1313 344 Maneat
1324 315 1373 338 res
1387 301 1466 351 ipsa,
1480 307 1510 340 δι
1522 302 1672 339 ῑιεείῖαηῑ
1683 304 1760 339 inde
1773 306 1878 352 tropi,
1892 318 1969 341 viu—

1177 351 1243 386 brae
1254 376 1265 392 ‚
1283 351 1495 401 tenebraeilue
1507 365 1624 388 omnes
1635 377 1643 392 ,
1657 354 1761 389 veteri
1776 353 1883 389 solum
1895 356 1970 389 Tc-

1178 401 1342 437 stamenro
1361 414 1594 449 congruentes.
1617 403 1836 443 meminerint
1860 404 1971 438 lecto-

1179 463 1228 486 res
1246 452 1287 486 de
1302 450 1552 498 significatione
1569 451 1694 500 hicagi
1714 464 1723 486 ι
1749 460 1820 487 eam
1840 453 1971 500 prorsus

1179 501 1356 547 repudiant
1373 501 1513 534 litertiles
1539 501 1588 535 isti
1609 500 1754 549 magistri
1776 514 1783 534 ι
1809 506 1839 537 &
1861 514 1970 549 quan-

1179 562 1277 597 quarn
1292 548 1416 583 odiosis
1425 549 1621 584 nominibus
1635 560 1792 589 Vtuntur,
1814 551 1905 597 quod
1920 561 1971 585 ta-

1181 610 1257 632 men
1282 597 1420 633 maxime
1439 600 1610 646 proprium
1634 597 1679 634 est
1713 600 1913 635 sacramenti
1935 601 1972 635 in

1181 647 1321 691 nihilum
1333 648 1501 695 redigunt.
1513 647 1766 694 Qdeuimest
1779 649 1972 687 sacramen,

1179 695 1331 741 tumsine
1351 708 1430 744 typo
1455 698 1506 731 vel
1528 696 1657 745 figura?
1676 697 1836 743 Apertius
1850 697 1973 733 deinde

1181 743 1210 779 se
1226 747 1339 792 prodit
1352 758 1465 780 eorum
1480 746 1650 780 insulsitas,
1675 746 1971 793 Saluisfinquiunt)

1181 794 1277 828 rebus
1296 794 1391 841 ipsa,
1413 794 1478 829 hoc
1497 794 1560 835 est,
1583 795 1743 830 materiali
1765 799 1797 830 δι
1823 793 1970 836 formali.

1182 842 1401 890 expositisque
1431 843 1667 892 principalibus
1695 843 1842 884 finibus,
1859 838 1973 879 sobri&

1182 891 1292 926 saltem
1310 893 1461 940 quaedam
1491 892 1751 941 significationes
1773 893 1885 930 locum
1909 892 1974 927 ha-

1183 939 1294 986 beant.
1332 940 1505 987 Qidybi
1524 943 1692 990 duplicem
1717 941 1866 979 statuunt
1887 936 1976 978 (2oess

1183 1001 1231 1024 nae
1241 992 1430 1032 materiam,
1451 1003 1581 1025 mortua
1598 992 1666 1025 illic
1694 996 1727 1027 &
1747 989 1886 1038 profana
1903 991 1974 1026 ele-

1184 1050 1295 1073 menta
1305 1038 1364 1074 esse
1377 1040 1496 1074 volunt
1513 1054 1521 1073 :
1542 1039 1753 1082 acsisshrissi
1764 1041 1975 1077 arculaeror-

1184 1100 1247 1135 pus
1257 1087 1347 1123 suum
1357 1088 1542 1123 includeret
1551 1092 1566 1122 ?
1578 1101 1618 1124 an
1629 1089 1756 1137 magica
1769 1089 1977 1126 incantatio-

1183 1149 1230 1170 ne>
1246 1138 1393 1184 copulari
1414 1148 1531 1185 putant
1551 1151 1626 1173 cum
1644 1150 1728 1185 pane
1751 1136 1879 1173 Christi
1897 1150 1977 1174 cor-

1184 1190 1326 1233 pus,=vt
1349 1187 1445 1221 omni
1466 1185 1623 1222 'dossrina
1645 1185 1818 1234 priuentur
1842 1186 1979 1231 fideles-³

1185 1236 1272 1279 Quis
1283 1236 1347 1271 iam
1359 1236 1420 1270 erit
1433 1234 1503 1270 vsus
1515 1235 1619 1272 Verbi
1632 1259 1643 1276 ,
1663 1235 1687 1270 si
1697 1236 1787 1271 nulla
1798 1236 1860 1271 crit
1871 1235 1978 1285 signi-

1185 1284 1298 1319 ficatio
1310 1288 1324 1318 ?
1347 1284 1406 1319 nifi
1419 1286 1508 1320 enim
1521 1287 1688 1320 elemento
1701 1282 1979 1333 insculptumerit

1184 1334 1323 1368 verbum
1338 1333 1467 1368 visibile
1477 1358 1487 1374 ,
1501 1332 1628 1369 facessat
1640 1336 1736 1375 inane
1748 1339 1780 1370 δι
1793 1333 1891 1370 nihili
1901 1332 1980 1382 spe.-

1185 1382 1531 1418 &aculumveterine
1540 1383 1759 1419 Testamento
1771 1381 1880 1419 solum
1891 1395 1979 1418 con·

1185 1444 1303 1480 gruunt
1323 1430 1435 1480 figurae
1463 1437 1495 1469 δι
1516 1433 1587 1480 typi
1604 1433 1618 1473 ',
1647 1444 1709 1480 pro
1730 1431 1762 1467 se
1778 1431 1975 1480 respondeat

1185 1484 1323 1529 Spiritus
1355 1480 1481 1517 sanQus
1505 1484 1562 1529 qui
1579 1481 1631 1517 bis
1649 1483 1693 1516 in·
1712 1479 1820 1529 speeie
1839 1482 1974 1519 colum-.-

1185 1530 1234 1565 bae
1256 1536 1289 1567 &
1307 1531 1408 1566 tertio
1429 1531 1463 1565 in
1481 1531 1606 1579 linguis
1621 1530 1726 1579 igneis
1746 1531 1907 1578 apparuit.
1921 1531 1977 1566 ni,

1184 1579 1209 1614 fi
1223 1577 1312 1614 sorte
1331 1590 1478 1615 externas
1499 1579 1620 1627 species
1639 1578 1835 1627 posthabito
1849 1580 1980 1615 docen-

1186 1627 1396 1677 direspefini,
1412 1627 1503 1676 quasi
1517 1640 1694 1677 puerorum
1710 1629 1905 1677 crepundias
1917 1629 1981 1665 ad-

1184 1676 1316 1718 hibuit,
1337 1689 1392 1713 aut
1411 1678 1500 1713 aliud
1522 1679 1622 1714 etiam
1637 1678 1741 1726 magis
1759 1679 1923 1714 ludicrum
1943 1682 1980 1715 &

1185 1726 1376 1775 infipidum.
1405 1728 1546 1762 Omitto
1570 1727 1664 1775 quod
1694 1739 1764 1762 non
1785 1726 1978 1763 fine.atroci

1184 1778 1254 1812 Dei
1277 1778 1479 1812 contumelia
1504 1777 1656 1812 tenebras
1680 1777 1846 1824 appellant
1858 1777 1976 1824 >pieta--

1185 1826 1226 1860 tis
1240 1826 1390 1861 exercitia
1403 1849 1414 1865 ,
1434 1824 1554 1874 quibus
1566 1826 1639 1873 pios
1655 1822 1714 1860 sub
1724 1828 1820 1873 Lege
1833 1827 1926 1860 Deus
1935 1824 1979 1861 ad.

1184 1874 1287 1910 solem
1315 1876 1444 1909 iustitiae
1465 1875 1595 1909 direxit.
1615 1873 1638 1909 si
1660 1874 1695 1909 in
1715 1874 1864 1909 tenebris
1881 1874 1977 1908 dice-

1185 1935 1256 1959 rent
1269 1924 1344 1958 illos
1353 1921 1463 1963 fuisse,
1482 1922 1572 1972 asper
1590 1935 1627 1958 ac
1646 1922 1744 1957 durus
1768 1919 1974 1956 essetscrmo:

1184 1973 1329 2015 lucernas
1348 1973 1428 2015 vero
1447 1984 1518 2020 qua}
1549 1972 1635 2006 viam
1653 1971 1720 2005 illis·
1738 1971 1974 2009 monstrarunt,

1183 2021 1395 2057 hac-infamia
1411 2032 1527 2056 notare
1547 2029 1582 2055 vt
1601 2018 1744 2054 tenebrae
1765 2016 1974 2056 censeantur,

1184 2069 1313 2118 prorsus
1335 2068 1553 2112 intolerabilis
1578 2067 1785 2115 blasphemia
1814 2067 1870 2101 est.
1909 2063 1975 2102 Sed

1184 2130 1332 2166 quaenam
1353 2115 1693 2165 Magdeburgensium
1714 2114 1854 2150 arbitrio
1868 2113 1976 2163 signi-q

1184 2168 1296 2202 ficatio
1316 2168 1465 2201 manebit
1485 2165 1632 2200 residua?
1652 2175 1688 2199 vt
1706 2165 1814 2200 Coena
1832 2163 1900 2198 haec
1911 2164 1976 2199 deg

1184 2226 1279 2251 notet
1290 2216 1564 2251 coniunffionem
1574 2212 1737 2254 Ecclesiae,
1750 2217 1781 2249 δι
1791 2212 1884 2261 quod
1895 2216 1974 2248 cru-'

1184 2266 1214 2299 ci
1231 2277 1265 2298 ac
1282 2265 1433 2298 aerumnis
1452 2261 1656 2311 sitexposita.
1687 2275 1768 2310 ergo
1779 2261 1871 2309 quod
1884 2263 1975 2309 prius

1185 2313 1335 2347 dixerunt
1348 2313 1387 2347 de
1396 2310 1485 2347 causa
1495 2310 1587 2346 finali
1597 2312 1661 2346 iam
1673 2310 1773 2345 obliti
1782 2312 1866 2345 sunt.
1879 2311 1974 2346 Nam

1184 2360 1206 2395 si
1223 2361 1349 2396 Christi
1366 2361 1540 2396 consilium
1562 2358 1623 2395 fuit
1635 2384 1646 2400 ,
1666 2372 1787 2407 corpus
1807 2359 1898 2394 suurn
1910 2357 1971 2394 sub

1185 2423 1268 2457 pane
1295 2409 1461 2445 edendum
1491 2410 1662 2458 porrigere
1687 2411 1721 2444 in
1745 2407 1972 2444 remiffionem

1185 2470 1409 2506 peccatorum:
1423 2458 1490 2494 haec
1502 2459 1588 2494 certe
1602 2459 1752 2494 doctrina
1762 2459 1797 2492 in
1807 2458 1973 2493 rationem

1185 2510 1298 2543 venire
1309 2507 1464 2543 debebat.
1485 2506 1640 2555 quorsum
1664 2508 1751 2542 enim
1769 2507 1823 2541 vel
1835 2506 1874 2541 ad
1886 2516 1976 2553 quos

1186 2557 1286 2592 verba
1298 2558 1416 2592 direxit
1429 2555 1580 2592 Christus
1590 2559 1605 2589 ἒ
1623 2569 1665 2591 an
1677 2568 1712 2592 vt
1723 2556 1887 2591 inutiliter
1895 2567 1976 2590 eua-

1186 2605 1376 2641 nescerent?
1396 2607 1440 2640 Et
1459 2605 1541 2653 quid
1559 2606 1703 2653 apertius
1724 2603 1880 2651 estquam
1891 2614 1978 2649 pane

1186 2666 1262 2690 ante
1280 2656 1396 2689 oculos
1408 2654 1548 2694 oblato,
1570 2652 1714 2689 docuisse
1731 2664 1864 2688 carnem
1883 2651 1976 2688 suam

1187 2702 1387 2751 spiritualem
1398 2702 1458 2738 esse
1468 2702 1599 2739 cibum?
1609 2704 1694 2738 Eant
1706 2714 1794 2736 nunc
1805 2705 1838 2738 &
1848 2698 1906 2736 suo
1919 2714 1976 2736 er-

1186 2765 1261 2788 rore
1280 2753 1324 2787 ita
1346 2751 1375 2787 se
1387 2750 1560 2787 fascinatos
1582 2749 1642 2787 effe
1662 2761 1808 2800 negent,
1831 2760 1868 2785 vt
1878 2749 1976 2797 quod

1186 2803 1337 2850 puerisin
1351 2801 1549 2837 catechismo
1559 2800 1860 2841 traditur‚veterani
1872 2799 1977 2835 theo·-

1186 2851 1257 2900 logi
1271 2863 1339 2884 non
1350 2860 1495 2885 teneant.

1237 2900 1378 2934 Nonum
1389 2909 1621 2947 argumentum
1633 2895 1795 2944 est‚quum
1807 2898 1878 2945 plus
1915 2907 1974 2931 ua-

1188 2948 1317 3002 dragies
1335 2960 1407 2995 arca
1426 2948 1561 2984 foederis
1587 2957 1727 2982 vocetur
1746 2948 1814 2982 Dei
1831 2957 1895 2994 prae
1910 2956 1972 2979 en-

1189 2998 1255 3037 tia,
1276 3009 1346 3032 non
1365 2995 1426 3031 effe
1446 2997 1567 3032 mirum
1586 2994 1608 3031 si
1621 2995 1734 3030 eadem
1744 2992 1977 3041 rationepanis

1189 3058 1327 3082 vocetur
1337 3057 1468 3092 corpus.
1496 3046 1633 3093 Negant
1645 3044 1842 3079 antecedens
1856 3056 1867 3078 ε
1884 3039 1976 3088 quast

1190 3095 1345 3143 negando
1373 3107 1442 3129 non
1468 3093 1575 3141 palam
1602 3103 1742 3140 augeant
1760 3091 1850 3127 suum
1870 3090 1976 3125 dede-

1190 3156 1257 3177 cus.
1284 3143 1604 3191 =Qotiesdiciturin
1624 3145 1738 3189 Lege,
1757 3141 1841 3177 Non
1859 3138 1977 3174 venies

1190 3193 1226 3227 in
1237 3191 1450 3239 conspefiurn
1463 3190 1673 3230 Dei'vac'uus,
1684 3192 1778 3229 item,
1789 3187 1860 3224 Vbi
1870 3198 1976 3236 appa-

1190 3241 1292 3276 rueris
1304 3253 1414 3275 coram
1427 3239 1588 3276 facieDei
1599 3241 1668 3279 tui,
1689 3239 1768 3272 item
1779 3260 1791 3277 ,
1811 3237 1905 3272 Deus
1915 3234 1976 3284 qui

1190 3288 1320 3325 habitas
1326 3290 1366 3325 in
1375 3287 1758 3331 sanstuuiusscwffleus
1766 3285 1880 3337 sedens
1889 3286 1976 3321 inte:

1878 3332 1976 3382 Che:
2015 3357 2022 3362 -

2082 1104 2099 1131 ,ν
2078 1073 2095 1094 τί
2076 951 2099 1061 ..ι’-τυλεὲ
