2113 3674
612 171 703 207 AD
761 168 1296 208 VVESTPHALVM.

133 236 199 273 hoc
211 247 312 271 vnum
338 242 455 281 caput,
467 232 508 267 in
529 243 596 279 quo
616 242 685 267 tota
700 227 921 266 controuersia

134 287 274 321 vertitur
288 307 300 324 ,
321 283 468 317 animum
488 279 627 316 referant
645 281 812 315 Lectores.
849 277 920 314 Sibi

133 335 265 383 quiduis
281 333 316 366 in
328 343 388 366 nos
403 332 500 365 licere
522 330 591 364 vult
613 328 818 366 Ioachimus‚
842 329 921 375 quia

133 395 243 418 veram
255 381 455 418 destrinam,
467 389 502 413 vt
513 376 578 426 ipse
589 379 646 417 ait,
657 388 770 412 contra
779 377 920 424 impium

94 445 107 451 ‘
134 442 277 466 errorem
290 427 456 464 defendat.
481 429 558 463 Hoc
571 425 628 461 vbi
639 425 838 474 probauerit,
855 436 921 459 no-

133 479 185 515 bis
199 476 432 527 quiescendum
449 474 509 510 esse
519 474 633 510 fateor.
663 476 696 510 Si
707 485 814 508 autem
828 472 921 520 quod

135 528 218 565 salso
234 526 292 561 sibi
305 537 433 574 arrogat
444 524 518 560 vere
530 526 564 559 in
575 536 628 558 me
645 533 832 571 competere
856 522 920 556 do-

137 588 196 613 ceo
208 580 240 612 &
249 574 403 613 ostendo,
413 585 531 621 nempe
543 571 675 607 fidelem
688 584 741 606 me
753 582 837 618 purae
848 569 920 604 san-

135 622 264 672 &aeslue
274 623 431 659 doetrinae
452 633 627 669 patronum
640 618 699 655 esse
711 643 721 659 ‚
733 624 766 656 δε
787 618 920 654 fidelem

136 685 270 721 operam
288 670 479 718 impendere
500 692 511 709 ‚
534 682 602 704 non
620 668 724 704 modo
746 665 920 702 refutando

136 722 244 768 impio
255 722 377 764 errori,
386 719 442 755 sed
461 720 559 753 etiam
573 717 735 752 diluendis
753 716 920 751 atrocibus

135 770 336 805 maledictis:
357 779 412 802 cur
422 779 491 801 non
504 767 616 801 eadem
633 766 716 800 mihi
734 764 918 800 dabiturli-

123 817 268 852 bertas?
290 819 344 852 De
355 829 388 851 re
406 816 507 865 igitur
525 814 590 862 ipsa
602 813 658 849 fiat
672 814 828 848 iudicium
840 837 851 854 ‚
877 825 919 848 ne

136 864 250 901 frustra
266 866 317 900 vel
333 877 397 912 ego
419 865 471 899 vel
492 864 546 898 ille
567 875 673 898 aerem
696 861 918 897 verberemus.

119 914 231 961 :Qd
244 915 307 949 iarn
323 912 450 953 obstat,
470 914 649 960 quominus
668 912 753 946 inter
772 911 919 946 sanetum

136 962 500 1003 zelum‚&conuitiandi
509 960 683 995 libidinem
696 960 787 995 certo
800 959 918 995 distin-

118 1023 234 1060 ·guant
245 1012 420 1050 Lestores,
434 1008 492 1044 nisi
504 1009 596 1057 quod
607 1007 837 1056 VVestphalus
848 1007 918 1043 sor·-

132 1061 249 1096 didum
257 1061 518 1107 integumentum
530 1059 618 1094 clarae
626 1058 689 1092 luci
699 1056 842 1104 opponit
853 1080 863 1096 ‚
874 1058 918 1091 li-

130 1104 228 1144 brum
241 1120 348 1143 meum
360 1131 370 1147 ‚
384 1106 563 1142 verborum
581 1107 795 1141 amaritudine
815 1104 918 1140 refer-

121 1152 203 1193 3turn
215 1155 275 1191 esse
290 1157 481 1192 clamitans?
502 1157 699 1203 Qanquam
719 1154 773 1189 hic
783 1164 918 1202 quoque

130 1205 242 1240 obiter
255 1206 402 1240 hominis
418 1203 602 1239 socordiam
625 1215 697 1238 curn
718 1204 786 1250 pari
804 1204 916 1249 impu-

132 1254 243 1289 dentia
267 1264 382 1288 notare
400 1252 647 1301 operaepretium
659 1251 716 1287 est.
747 1252 917 1286 Prioribus

126 1303 214 1338 'meis
225 1302 350 1350 scriptis
359 1301 526 1336 hominem
539 1301 578 1335 ad
591 1301 792 1335 moderatam
803 1299 916 1348 dispu-

131 1351 224 1386 tandi
236 1349 375 1386 formam
390 1362 541 1385 reuocare
552 1350 698 1396 cupiens,
707 1361 802 1395 turpe
811 1353 844 1385 δε
855 1349 915 1384 ab-

132 1398 263 1435 surdum
274 1397 334 1434 esse
345 1399 486 1435 dixeram
500 1409 583 1436 ‚tam
596 1397 731 1445 superbe
741 1402 772 1434 δι
783 1409 914 1444 proter-

133 1447 283 1483 nrt-<nobis
293 1444 452 1483 insultare.
482 1447 646 1481 Ferociter
657 1445 826 1493 respondit
843 1446 910 1486 ille,

133 1497 251 1532 contra
271 1497 442 1532 haereticos
465 1495 563 1543 quam
583 1495 738 1530 acerrime
760 1507 912 1543 pugnan-

134 1545 213 1580 dum
225 1544 303 1581 effe'z
315 1541 466 1591 adeoque
485 1556 554 1578 non
572 1541 633 1578 esse
643 1543 806 1591 agendum
818 1556 913 1578 com-

118 1594 243 1641 ¹pos1to
270 1594 322 1628 vel
349 1593 458 1629 sedato
479 1591 560 1639 stylo
580 1604 595 1631 ,'
621 1602 657 1626 νε
683 1603 750 1638 quo
779 1590 915 1639 quisque

119 1643 251 1678 *maiori
262 1642 376 1677 ardore
388 1643 422 1676 in
434 1641 499 1675 hoc
512 1652 632 1688 genere
652 1642 838 1674 certaminis
849 1639 912 1674 fer-

118 1686 289 1730 ·tur,'hinc
301 1689 481 1725 animosior
492 1687 650 1736 probetur
663 1687 788 1724 Christi
805 1689 908 1723 miles.

131 1738 292 1787 ‘Denique
322 1738 536 1787 quoscunque
557 1739 668 1784 potuit
690 1737 816 1772 colores
836 1748 916 1772 tunc

131 1788 263 1823 induxit
273 1788 313 1823 ad
325 1785 534 1823 excusandam
544 1798 612 1820 non
625 1784 728 1820 modo
735 1785 914 1820 vehemen-

115 1836 214 1871 -tiam
236 1860 248 1876 ,
267 1836 319 1871 sed
338 1830 510 1871 iracundiae
528 1833 662 1869 rabiem.
692 1834 784 1882 Qd
805 1845 913 1870 autem

114 1902 117 1905 ·
131 1887 239 1919 nunc?
255 1885 370 1919 Paulus
382 1908 392 1924 ,
406 1885 513 1931 inquit
523 1882 782 1923 ,·inobedientes
803 1882 915 1918 existi-

131 1934 216 1969 mari
230 1933 339 1968 noluit
356 1933 533 1970 inimicos,
553 1929 605 1966 sed
624 1942 780 1979 tanquam
802 1930 914 1966 fratres

119 1981 242 2016 fvoluit
253 1982 387 2029 corripi.
415 1980 544 2015 Profert
555 1981 654 2015 etiarn
676 1992 714 2015 ex
732 1977 914 2015 Ambrosio

120 2026 121 2030 ¹
135 2032 170 2066 &
185 2029 356 2076 Gregorio
372 2030 585 2067 Nazianzeno
606 2028 864 2063 mansuetudinis
877 2042 913 2064 e-

134 2077 395 2125 logia-Quisquis
405 2079 488 2113 duos
498 2077 578 2113 istos
590 2077 682 2111 locos
691 2077 776 2113 inter
788 2076 818 2112 se
827 2090 912 2113 con-

133 2123 228 2164 feret,
237 2137 306 2160 non
318 2125 422 2160 modo
432 2126 604 2161 hominem
617 2125 681 2160 hnc
692 2135 759 2160 tam
772 2126 911 2167 varium,

132 2172 261 2220 fibique
270 2172 329 2220 ipsi
344 2172 531 2219 dissimilem
541 2174 701 2209 memoria
712 2179 743 2211 δι
754 2173 826 2210 sana
839 2177 911 2210 tne-

119 2229 166 2258 ste
175 2220 323 2257 excidisse
333 2221 419 2257 dicet
428 2243 440 2261 ,
453 2222 506 2256 sed
515 2220 608 2256 facile
620 2222 748 2257 videbit
756 2224 842 2258 nulla
855 2225 909 2259 in-

131 2271 302 2319 genuitate
328 2269 500 2317 praeditum
521 2292 530 2308 ,
551 2268 723 2316 sophistic'e
742 2283 828 2307 nunc
845 2271 912 2308 hoc

132 2331 220 2354 nunc
234 2318 312 2353 illud
325 2318 483 2353 tuendum
494 2318 632 2364 arripere
644 2341 655 2357 ‚
664 2322 695 2353 δι
708 2319 794 2353 inani
805 2321 911 2366 garri-

131 2378 168 2402 tu
179 2368 318 2402 virtutes
325 2363 554 2401 transformare
565 2366 597 2399 in
609 2366 911 2414 vitia-Qgsodoa-

131 2415 253 2455 chime,
264 2414 285 2449 si
297 2426 439 2462 vnquam
450 2414 532 2449 serio
544 2412 670 2449 dixisses
681 2415 714 2449 in
727 2426 910 2463 coarguen-

131 2464 182 2500 dis
191 2463 354 2499 erroribus
369 2462 530 2497 seueritati
552 2462 691 2497 minime*
709 2463 909 2509 parcendum

131 2511 265 2552 effe‚an
280 2523 366 2546 nunc
381 2520 507 2559 turpem
525 2510 726 2558 palinodiam
745 2511 909 2552 canendo,

129 2562 276 2609 rigorem
287 2571 385 2607 quem
394 2558 492 2595 sancti
502 2560 563 2593 zeli
573 2559 666 2594 laude
676 2570 862 2600 ornaueras,
869 2561 910 2596 ad

111 2621 186 2644 *me
203 2609 329 2644 inuidia
346 2608 549 2656 grauandum
561 2608 730 2643 damnares
748 2612 763 2641 ἒ
780 2611 910 2644 Interea

129 2657 240 2693 bonus
250 2658 303 2692 hic
314 2656 478 2692 charitatis
491 2654 622 2691 assertor
631 2660 662 2692 δι
675 2656 838 2705 magister,
850 2660 909 2706 (Εἰ

121 2717 201 2753 ‘earn
212 2703 257 2740 fas
270 2703 330 2740 esse
340 2716 438 2753 negat
446 2704 584 2740 verbulo
595 2704 732 2744 violari,
743 2704 910 2752 quoscun-

130 2751 198 2802 que
211 2753 310 2802 nobis
321 2752 428 2799 fauere
438 2764 646 2800 compertum
658 2753 844 2793 fuerit‚tot0
852 2767 911 2790 οι·-

127 2801 172 2836 be
184 2802 449 2837 exterminandos
461 2801 618 2837 clamitat:
627 2802 786 2850 gloriatur
795 2801 824 2838 se
832 2802 909 2839 scri—

119 2849 240 2898 psisse,
261 2861 322 2884 nos
364 2850 451 2885 ladio
471 2851 582 2897 potius
594 2849 796 2898 magistratus
805 2853 909 2900 quam

121 2898 210 2946 stylo
222 2896 282 2933 effe
298 2907 331 2933 re
347 2898 631 2934 utandoszauthor
643 2898 740 2938 est,vt
751 2912 818 2934 non
832 2910 909 2936 mov-

123 2948 174 2987 do
190 2943 423 2994 professoribus
432 2947 547 2982 nostrae
559 2947 734 2987 doctum,
746 2946 798 2983 sed
809 2951 909 2985 etiarn

120 2995 405 3043 ‘approbatoribus
415 2996 612 3030 interdicant
622 3007 703 3042 aqua
713 2998 826 3044 &igni
839 3010 909 3032 ma-

119 3038 290 3090 gistratus.
322 3045 404 3079 Haec
417 3045 518 3090 igitur
527 3043 692 3078 charitatis
703 3044 855 3080 definitio
863 3045 910 3081 est

120 3091 349 3139 -vvestphalo
361 3116 372 3131 ‚
388 3103 422 3126 vt
441 3091 565 3128 ferro&
578 3093 648 3139 igni
668 3093 840 3129 licentiose
853 3091 910 3129 [ε’-

121 3141 276 3188 ’ὓίειείρῖε
287 3144 319 3176 in
333 3153 403 3176 nos:
419 3140 439 3174 si
453 3140 531 3175 vero
542 3142 638 3187 paulo
648 3139 781 3176 liberius
792 3143 910 3191 loqua-

131 3195 210 3223 mur
220 3210 232 3228 2
243 3190 261 3225 a
271 3188 523 3226 christianismo
542 3188 692 3224 excidisse
707 3193 913 3237 pronuntiet.

119 3241 123 3245 ·
138 3237 250 3283 Atque
260 3249 297 3286 νε
305 3240 366 3274 alia
383 3240 537 3274 omittam
547 3260 558 3279 ,
575 3238 663 3274 vnde
679 3248 770 3276 tanta
781 3239 914 3277 homini

1702 186 1758 225 923

967 230 1171 266 confidentia
1182 254 1193 271 ‚
1205 231 1277 266 imo
1294 229 1465 266 Phalaricae
1483 231 1620 267 censurae
1631 239 1755 271 atroci-

966 288 1025 317 tas,
1038 289 1072 313 vt
1085 279 1220 315 subinde
1231 292 1292 314 nos
1305 291 1401 315 vocet
1416 282 1599 322 hereticos,
1612 294 1671 318 nec
1687 283 1755 318 sin-

968 327 1052 372 gulis
1066 331 1193 377 paginis
1202 328 1376 368 modo,sed
1389 327 1457 365 fere
1465 332 1634 365 sententiis
1646 343 1755 379 crepet

968 375 1032 409 hoc
1042 389 1178 417 nornen,
1194 378 1250 412 nili
1265 380 1340 424 quia
1350 378 1391 412 ab
1402 378 1465 413 hoc
1478 381 1627 414 conuitio
1640 380 1754 415 haefte-

967 435 1027 457 nus
1038 425 1269 460 abstinuimus?
1284 428 1385 462 Certe
1399 441 1466 462 non
1483 429 1568 463 aliud
1582 429 1754 476 quinino-

968 471 1028 506 stra
1046 474 1261 509 mansuetudo
1278 487 1407 511 tanturn
1422 479 1449 510 ei
1469 478 1598 512 addidit
1611 476 1752 513 ferocia.

969 522 1060 568 Qid
1080 533 1114 556 tu
1131 521 1184 557 hic
1196 547 1205 561 ,
1217 523 1306 556 bone
1320 524 1486 559 modestice
1499 527 1617 560 dechar
1627 531 1754 574 ?quum

967 569 1170 606 anathemata
1182 573 1346 618 crepando
1357 595 1366 611 ,
1382 575 1538 618 patientia
1551 574 1659 609 nostra
1673 589 1704 611 te
1716 589 1755 611 a-

968 617 1038 652 buti
1050 620 1156 666 palium
1169 620 1378 668 constet,qua
1388 622 1448 656 tibi
1459 624 1654 659 criminandi
1676 637 1755 659 caus-

969 666 1031 701 sam
1041 668 1211 716 relinquis,
1225 668 1285 703 acsi
1296 670 1328 703 in
1341 679 1373 703 te
1383 671 1481 705 nimis
1492 671 1625 707 essemus
1639 674 1755 710 duri&

968 714 1100 751 austeri?

1017 766 1143 799 Interea
1163 763 1266 799 rursus
1290 765 1320 801 se
1340 767 1506 815 implicat,
1532 770 1699 804 monitum
1723 769 1755 805 se

968 810 1056 848 fuiffe
1065 825 1198 862 negans·
1212 826 1331 863 nempe
1343 827 1443 863 quum
1453 818 1486 850 in
1500 817 1594 850 viuos
1614 824 1644 854 &
1661 832 1755 853 mor-

967 871 1041 896 tuos
1053 861 1267 897 debacchatus
1280 863 1366 904 esset,
1380 870 1410 901 ἃ
1425 866 1610 913 catalogum
1622 867 1752 903 liaereti-

968 922 1078 945 corum
1088 923 1125 946 ex
1143 910 1261 945 nostris
1283 913 1477 948 nominibus
1498 914 1663 949 conficere
1682 929 1752 951 non

967 958 1159 999 dubitasset,
1179 972 1242 1007 ego
1254 959 1414 1009 suppresso
1427 962 1495 996 eius
1513 966 1649 998 nomine
1660 965 1754 1000 indi-

967 1009 1127 1057 gnitatem
1147 1008 1375 1044 ostenderam.
1396 1011 1479 1045 adeo
1505 1011 1587 1045 nihil
1613 1011 1752 1059 profeci,

968 1067 1005 1091 νε
1024 1056 1181 1092 omnibus
1209 1057 1289 1092 diris
1310 1064 1341 1094 &
1364 1059 1624 1096 execrationibus
1651 1063 1754 1110 longe}

966 1106 1146 1140 violentius
1170 1107 1204 1140 in
1228 1119 1289 1141 nos
1314 1107 1548 1143 fulminauerit.
1581 1110 1754 1145 Et-tamen

965 1155 1115 1189 nondum
1127 1154 1235 1189 bonus
1254 1167 1302 1189 vir
1314 1166 1476 1191 maturum
1489 1158 1574 1192 durae
1592 1158 1754 1207 obiurga*-

965 1204 1052 1237 tioni
1065 1213 1192 1250 ternpus
1204 1201 1293 1238 fuisse
1310 1216 1410 1251 putat.
1418 1206 1507 1241 Nam
1525 1207 1615 1255 quod
1630 1209 1752 1242 iterum

964 1251 1004 1285 ad
1015 1250 1283 1299 vulgarem-suam
1295 1254 1491 1289 cantilenam
1512 1255 1670 1291 relabitur
1686 1279 1696 1295 ,
1719 1254 1750 1289 se

965 1301 1114 1335 nondum
1127 1297 1217 1334 fuisse
1235 1299 1276 1334 de
1288 1313 1396 1336 errore
1407 1304 1616 1339 conuietum:
1638 1302 1750 1339 solidis

963 1348 1045 1382 vero
1061 1348 1296 1388 rationibus,&
1309 1353 1509 1398 argumentis
1520 1365 1556 1387 ex
1568 1350 1649 1387 sacra
1661 1354 1750 1388 Scri—

964 1407 1058 1444 ptura
1076 1396 1423 1443 sumpris·damnatam
1449 1401 1593 1435 nostram
1616 1400 1748 1436 haeresin

963 1444 1222 1493 reprehendisset
1243 1448 1323 1493 quid
1338 1446 1400 1482 isto
1413 1449 1660 1484 mendaciorum
1682 1448 1750 1484 fce-

962 1502 1036 1529 tore
1053 1493 1321 1529 chartasinsicere
1335 1496 1443 1530 iuuat?
1469 1499 1581 1543 Atque
1605 1499 1749 1533 vttolla-

960 1551 1013 1578 tur
1029 1543 1139 1577 omnis
1154 1542 1354 1590 ambiguitas
1374 1567 1385 1583 ,
1403 1543 1486 1578 liber
1512 1545 1577 1592 ipse
1597 1548 1748 1592 prodeat,

963 1589 1060 1638 seque
1087 1589 1127 1624 ab
1147 1591 1299 1638 improba
1323 1593 1555 1628 criminatione
1581 1595 1748 1629 vendicet.

964 1638 1065 1674 Certe
1076 1637 1097 1673 fi
1109 1639 1252 1686 impetro
1271 1651 1307 1674 vt
1324 1641 1471 1688 legatur,
1494 1640 1594 1689 qudm
1608 1643 1682 1677 vere
1693 1656 1751 1678 ex-

964 1687 1100 1736 probret
1110 1711 1120 1728 ‚
1137 1700 1191 1722 me
1207 1687 1344 1723 scurram
1357 1687 1522 1726 suiss'eillic
1535 1691 1637 1737 magis
1649 1693 1749 1738 quzim

963 1734 1201 1784 Theologum,
1225 1736 1315 1772 simul
1328 1737 1428 1785 quam
1446 1739 1589 1785 ingenue
1611 1739 1751 1776 obiiciat

964 1784 1118 1820 inanibus
1139 1784 1270 1821 tantum
1291 1787 1448 1821 conuitiis
1468 1785 1622 1823 refertum
1643 1787 1746 1829 fuisse.

963 1832 1056 1869 facile
1073 1833 1212 1881 patebit.
1248 1836 1324 1870 Nec
1345 1835 1425 1870 vero
1445 1835 1579 1871 breuem
1603 1836 1657 1872 hic
1679 1839 1747 1872 eius

962 1882 1122 1917 summam
1144 1882 1281 1917 inserere
1293 1883 1439 1930 pigeret,
1451 1883 1510 1927 nisi
1531 1884 1671 1920 breuitas
1682 1885 1748 1933 ipsa

961 1940 1026 1967 tarn
1037 1943 1110 1969 me,
1126 1931 1226 1977 quam
1247 1932 1404 1966 Lestores
1421 1933 1544 1968 leuaret
1565 1933 1625 1969 hac
1637 1936 1747 1969 mole-

951 1980 1044 2014 vstias
1061 1980 1201 2015 Nullum
1215 1980 1305 2014 enim
1326 1992 1555 2028 argumentum
1568 1985 1748 2029 protulerat

961 2027 1192 2076 VVestphalus
1204 2051 1215 2067 ‚
1237 2028 1328 2074 quod
1339 2041 1409 2063 non
1428 2030 1496 2064 illic
1507 2026 1609 2066 solide
1625 2030 1747 2067 refuta-

961 2087 1030 2112 tum
1041 2075 1151 2112 fuerit.
1179 2078 1340 2112 Rationes
1351 2088 1458 2112 autem
1479 2079 1620 2119 adduxi,
1643 2080 1749 2128 aqui-

960 2124 1021 2161 bus
1031 2125 1073 2166 se,
1086 2127 1299 2172 quantumuis
1311 2126 1446 2166 nitatur,
1458 2139 1532 2161 curn
1545 2139 1615 2162 tota
1628 2127 1677 2163 sua
1689 2142 1747 2164 ca-

959 2185 1070 2214 terua,
1084 2186 1249 2221 nunquam
1265 2175 1427 2222 expediet.
1448 2177 1527 2210 Hoc
1545 2189 1679 2225 quoque
1696 2176 1747 2212 as-

960 2222 1061 2258 serere
1070 2223 1177 2258 audeo
1189 2246 1199 2260 ,
1217 2223 1406 2271 quicunque
1418 2225 1576 2260 mediocri
1592 2228 1745 2273 aequitate

959 2273 1087 2318 praediti
1103 2268 1176 2305 sunt
1186 2293 1197 2310 ‚
1209 2270 1332 2306 etiamsi
1344 2273 1362 2306 a
1372 2272 1470 2307 nobis
1482 2272 1668 2309 dissentiant
1681 2299 1690 2313 ,
1701 2276 1744 2309 li-

959 2320 1021 2355 bro
1033 2319 1178 2366 perlesto
1188 2341 1199 2358 ,
1210 2317 1317 2355 statim
1329 2321 1475 2356 dicturos
1486 2345 1496 2361 ‚
1508 2335 1576 2357 non
1589 2322 1654 2356 sine
1664 2322 1745 2357 infi-

958 2368 1016 2415 gni
1028 2368 1146 2403 iniuria
1153 2366 1338 2405 dorstrinam
1345 2369 1553 2405 tolerabilem
1565 2380 1630 2405 tam
1640 2371 1744 2406 odio-

958 2415 989 2450 se
1003 2416 1140 2450 traduci.

1005 2463 1066 2498 Sed
1083 2475 1252 2513 vrcunqne
1270 2464 1391 2501 librum
1413 2475 1519 2500 meum
1543 2466 1595 2511 alij
1614 2469 1743 2515 ample-

956 2521 1085 2552 arentur,
1097 2514 1149 2558 alij
1161 2512 1268 2549 saltem
1280 2513 1492 2548 excusationis
1504 2515 1579 2549 loco
1589 2516 1736 2563 recipiat:

957 2560 1040 2594 nihil
1056 2569 1164 2597 tamen
1175 2562 1335 2610 proficere
1349 2563 1474 2597 videor.
1504 2563 1693 2599 Artificium
1704 2577 1744 2600 e-

957 2609 1027 2644 nim
1040 2612 1235 2659 excogitauit
1249 2611 1479 2658 VVestphalus
1489 2633 1499 2649 ,
1511 2624 1579 2659 quo
1590 2625 1643 2647 me
1653 2611 1742 2648 firce-

958 2656 991 2691 εὲ
1011 2658 1156 2694 eluderet
1168 2683 1186 2705 .’
1205 2661 1286 2695 alios
1305 2661 1338 2694 in
1369 2659 1544 2694 subsidium
1563 2661 1739 2703 adnotans,

957 2708 1014 2752 qui
1027 2719 1067 2741 eo
1077 2706 1261 2755 quiescente
1275 2717 1379 2744 totam
1404 2718 1520 2755 pugnae
1542 2710 1664 2745 molem
1687 2709 1740 2745 su-

957 2755 1108 2792 stineant.
1137 2757 1227 2792 Nam
1237 2769 1270 2792 vt
1289 2767 1350 2791 nos
1371 2757 1590 2804 Augustanam
1608 2755 1741 2793 confes-

958 2803 1082 2851 sionem
1093 2817 1236 2852 euertere
1257 2804 1376 2853 probet
1386 2827 1396 2843 ‚
1418 2805 1486 2839 eius
1497 2805 1667 2842 authorem
1681 2820 1739 2849 or-

958 2851 1155 2890 natiffimum
1164 2856 1270 2890 virum
1279 2877 1289 2893 ‚
1300 2857 1333 2889 &
1353 2851 1499 2900 spectate
1510 2864 1578 2889 tum
1593 2857 1736 2903 pietatis,

958 2910 1029 2936 turn
1040 2897 1197 2939 doetrinae
1206 2903 1396 2949 Philippum
1408 2903 1656 2938 Melias-ionem
1672 2917 1740 2939 no-

950 2948 1009 2984 ·bis
1024 2950 1237 2988 aduersarium
1256 2950 1387 2998 ingerit.
1411 2952 1528 2986 Altero
1543 2951 1663 3000 scripto
1678 2964 1739 2988 veo

953 3000 1027 3033 tere
1036 2999 1211 3036 Ecclesiam
1224 2998 1280 3034 sub
1292 2999 1470 3046 Augustini
1488 3002 1627 3036 nomine
1641 3014 1738 3036 com-

951 3048 1060 3095 'mittit'
1071 3049 1242 3085 nobiscum
1253 3049 1287 3082 in
1298 3059 1474 3083 certamen.
1496 3049 1618 3084 Tertio
1628 3071 1639 3088 ‚=
1654 3051 1738 3084 den-

959 3095 1231 3145 samphalangem
1246 3108 1285 3130 ex
1306 3097 1579 3133 vieinisSaxoniae
1590 3099 1671 3132 locis'
1682 3102 1738 3134 in-

959 3143 1077 3181 struite
1100 3148 1190 3182 cuius
1212 3143 1383 3190 splendore
1398 3145 1591 3194 perstringat
1611 3145 1738 3193 simpli.-

950 3194 1047 3229 ¹cium
1057 3196 1184 3230 oculos.
1207 3193 1392 3234 Caeterumg
1410 3196 1486 3242 quia
1497 3195 1658 3230 mihitum
1673 3196 1740 3229 hos

948 3258 950 3260 ·
961 3242 1052 3278 utine
1061 3244 1182 3279 nullius
1189 3242 1382 3285 veterrimi&
1391 3243 1522 3280 summe
1530 3242 1608 3279 vero
1619 3244 1740 3292 loquaaff
