2113 3674
263 281 432 320 mentatio
444 275 594 331 quisalso
605 275 814 314 inscribitur.
827 275 1066 322 Opusrrmpeffi

265 332 390 369 fectum
403 329 634 378 Chrysostorni
646 329 680 361 in
694 323 1021 371 Matthaeum„quitm
1033 325 1068 361 in

266 393 340 420 tota
356 380 553 417 Damasceni
565 376 749 423 theologia.
775 376 839 409 Ille
848 371 1069 419 autemcquis-

266 433 342 480 quis
355 430 454 466 fuerit
470 428 626 475 scriptor,
653 423 861 472 apertedicit
882 421 1068 471 ministerio

268 481 402 517 tantum
418 490 536 526 corpus
549 473 677 511 Christi
689 472 792 508 nobis
811 473 892 507 dari.
919 473 998 506 Hoc
1009 484 1068 507 an÷

267 542 337 568 tem
350 527 497 564 breuiter
508 526 673 574 attingere
680 523 776 558 volui
786 547 799 562 ‚
812 535 854 557 ne
865 522 938 569 quis
949 520 1070 557 libera-

270 581 346 615 liter
355 575 561 613 Heshusmm
574 572 913 621 facere-putaret‚dum
926 568 1071 619 superse-

273 625 543 665 detDamasceni
557 622 723 671 suffragio,
735 621 842 666 Qod
857 622 1071 656 Clemenmern

269 676 532 714 Alexandrinum
543 678 575 710 δι
587 673 775 721 Origenem
789 667 997 718 repudiat,sic
1009 671 1071 703 co-

270 727 368 765 cedo,
389 737 425 760 vt
438 735 549 759 tamen
563 724 777 758 meminerint
789 721 948 755 Lectores
958 721 999 752 εὖ
1011 731 1071 765 pro

272 774 413 811 arbitrio
426 787 464 808 cx
485 773 685 820 antiquitate
707 771 853 817 deligere
869 781 958 817 ,quos
980 768 1072 802 videt

273 824 335 861 fibi
347 822 420 859 fore
428 823 647 858 commodos.
668 821 793 867 Incipit
804 817 1073 867 angnatiotcu-

273 876 324 909 ius
337 874 463 909 vtinam
472 883 627 907 extarent
641 869 759 917 scripta
772 892 780 905 ‚
792 881 835 903 ne
845 869 913 902 eius
928 867 1073 901 ,nomine

275 922 416 958 subinde
428 919 539 957 fucum
560 919 703 956 facerent
714 918 928 965 impostores:
950 928 986 950 vt
996 917 1072 950 Ser-

275 983 369 1008 uetus
378 976 408 1009 δι
420 969 618 1007 Heshufius.
649 971 734 1016 Qae
747 968 835 1002 cuim
846 966 903 1002 ista
915 964 961 1001 est
973 966 1072 1012 inge-

276 1023 384 1058 nuitas
395 1045 405 1062 ,
423 1019 599 1068 epistolam
610 1019 711 1055 citare
728 1030 826 1064 quam
835 1017 888 1051 vix
906 1016 1072 1063 gregarius

276 1071 441 1121 quispiam
464 1068 652 1106 Monachus
673 1079 734 1114 pro
755 1065 806 1101 sua
819 1064 996 1114 agnoscere
1018 1063 1070 1099 di-

275 1122 419 1170 gnetur?
432 1121 546 1154 Sciunt
558 1120 615 1166 qui
625 1118 778 1166 legerunt
789 1114 1050 1163 nugas‚illas‚tan
1059 1134 1074 1140 -

275 1170 347 1206 turn
359 1170 400 1205 de
414 1167 663 1216 quadragesima
673 1189 685 1206 ‚
697 1164 888 1204 chrismate,
901 1162 1073 1198 luminam

273 1217 546 1268 bus,quadrages1
553 1217 628 1251 mali
640 1213 901 1254 ieiunio‚diebus
917 1211 1004 1248 festis
1016 1223 1075 1246 nar:

276 1270 339 1304 tari
350 1279 450 1316 ,vquae
461 1268 632 1314 aliquanto
644 1264 720 1314 post
729 1264 850 1313 Ignatii
863 1273 1005 1298 mortem
1019 1259 1074 1295 suo

276 1318 476 1367 perstitione
504 1321 536 1353 &
558 1315 686 1351 inscitia
704 1314 865 1361 obrepere
887 1320 1072 1359 coeperunt.

275 1368 372 1415 Qd
382 1369 469 1402 tame
479 1366 616 1402 fictitius
629 1365 684 1400 ille
693 1363 959 1412 Ignatius?Dicit
970 1357 1074 1408 quosq

275 1417 351 1453 dam
364 1417 508 1452 Coenam
532 1415 668 1451 reiiceve
691 1417 724 1450 δι
738 1412 928 1448 oblationes
947 1432 957 1449 ,
979 1408 1074 1456 quod

273 1469 376 1515 neget
385 1464 626 1501 Eucharistiam
644 1462 707 1499 effe
718 1474 849 1498 carnem
863 1458 989 1496 Christi
1002 1469 1075 1507 quae

273 1528 338 1565 pro
361 1514 463 1550 nobis
489 1512 644 1550 crucifixa
654 1513 710 1548 est.
737 1511 832 1558 Qd
847 1521 957 1544 autern
973 1507 1074 1543 nobis

276 1578 353 1601 com
362 1577 463 1599 mune
472 1565 525 1599 vel
536 1561 636 1598 affine
646 1575 722 1598 cum
742 1562 805 1596 illis
816 1559 976 1594 haereticis
988 1581 998 1599 ‚
1016 1558 1076 1606 qui

274 1612 517 1652 Eucharistiam
529 1623 716 1648 reuerentcr
727 1611 879 1648 colimus,
892 1610 924 1643 in
935 1620 999 1656 qua
1011 1608 1074 1642 sci-

273 1677 346 1701 mus
369 1662 494 1699 Christi
515 1673 647 1697 carnem
671 1659 770 1695 nobis
794 1658 958 1693 edendam
979 1657 1071 1692 dari?

272 1714 336 1749 Sed
346 1712 512 1759 excipiet:
535 1710 773 1747 Eucharistiam
796 1707 907 1742 vocari
928 1718 1073 1741 carnem.

272 1763 410 1810 Nempe
424 1759 626 1809 improprie:
642 1758 702 1794 nisi
711 1757 822 1795 clausis
832 1757 937 1792 oculis
951 1756 984 1790 in
999 1767 1075 1790 me—

276 1814 363 1851 ridie
371 1813 520 1847 caecutire
530 1810 643 1846 libeat.
653 1810 743 1844 Nam
753 1807 806 1843 vel
818 1807 859 1842 de
867 1807 1000 1841 afflone
1009 1804 1076 1852 ipsa

275 1862 416 1900 sumitur
428 1873 552 1896 nomen
565 1857 799 1904 Eucharistiae„
821 1857 873 1891 vel
883 1856 924 1896 de
934 1866 1077 1902 Vtraque

272 1923 364 1961 parte
377 1908 578 1945 sacramenti.
593 1908 769 1944 Vtrumuis
782 1904 1077 1954 respondeas‚lite-

276 1975 310 1998 ta
319 1959 414 1996 certe
433 1958 581 2007 vrgenda
601 1970 671 1992 non
695 1958 767 1991 erit.
792 1956 848 1990 Ne
869 1953 949 1989 veto
963 1952 1075 2001 saepius

277 2011 433 2046 cauillum
445 2009 511 2044 hoc
523 2007 648 2042 diluere
660 2004 782 2039 ncceffe
793 2003 844 2043 sit,
865 2002 963 2038 semel
976 2002 1075 2037 testa-

279 2071 353 2096 tum
365 2058 482 2099 sitmos
493 2057 534 2092 de
546 2056 672 2091 vsitatis
683 2054 845 2101 loquendi
856 2050 972 2086 formis
982 2052 1077 2086 litem

277 2122 349 2145 non
358 2109 629 2143 mouere-Panem
639 2103 853 2138 benedictum
864 2111 991 2135 veteres
1004 2098 1076 2147 pas-

278 2158 339 2195 sim
351 2157 529 2192 nominant
540 2166 660 2202 corpus
671 2151 806 2188 Christi.
828 2152 899 2186 Cur
911 2151 999 2184 enirn
1013 2149 1078 2184 illis

280 2221 350 2243 non
361 2207 475 2241 liceret
493 2204 702 2252 vnigenitum
725 2201 926 2236 DeiFilium
939 2199 1075 2237 imitari,

282 2270 320 2292 ex
331 2257 494 2292 cuiusote
507 2266 568 2289 nos
587 2252 731 2301 pendere
744 2255 776 2287 δι
796 2250 906 2297 sapere
924 2249 1079 2295 oportet?

281 2306 345 2345 Sed
365 2315 525 2352 quantum
539 2302 604 2336 hoc
623 2300 644 2336 ὰ»
657 2299 798 2334 barbaro
809 2308 1005 2333 commento
1025 2297 1079 2331 di-

280 2356 343 2391 stat
353 2378 364 2394 ‚
378 2358 501 2389 Panem
515 2351 649 2399 proprie
665 2348 725 2384 esse
736 2357 912 2396 corpus‚vt
923 2347 989 2380 illic
1003 2358 1083 2380 cor-y

283 2405 442 2453 poraliter
463 2401 578 2437 edatur
595 2404 608 2434 ?
629 2397 785 2434 Eiusdem
815 2396 862 2432 est
880 2394 1080 2444 probitatis,

284 2453 378 2502 quod
391 2464 452 2488 nos
464 2448 661 2486 Meffalianis
674 2452 720 2490 ,ὃς
732 2444 949 2482 Enthufiastis
960 2456 1079 2493 aggre-

283 2503 413 2553 gat.qui
423 2499 588 2550 negabant
598 2499 778 2546 quicquam
790 2493 938 2541 prodesse
950 2495 1085 2528 velnoa

266 2569 269 2570 ⁷
283 2565 356 2587 cete
375 2552 465 2588 sacrae
491 2551 608 2585 Ccenae
629 2545 734 2582 vsum.
776 2543 876 2593 Qasr
890 2556 958 2578 non
970 2542 1081 2577 multo

285 2600 490 2650 splendidius
500 2599 540 2641 de
553 2597 649 2632 huius
658 2593 798 2642 mysterij
812 2595 952 2628 vtilitate
963 2591 1004 2627 ab
1013 2592 1083 2627 ini-

287 2652 338 2686 tio
353 2648 554 2685 disseruerim
567 2645 668 2695 quam
689 2655 759 2679 tota
772 2642 839 2678 haec
850 2654 976 2677 caterua
989 2664 999 2681 ,
1011 2652 1084 2688 quae

288 2701 324 2734 in
338 2712 393 2734 nic
413 2695 674 2743 intemperanter·
684 2690 877 2728 bacchando
897 2702 1008 2726 totum
1025 2702 1084 2725 ot·-

289 2748 368 2784 bem
393 2745 597 2782 conturbat?
616 2742 693 2780 Iino
712 2739 867 2791 quorsum
890 2739 1037 2775 instituta
1046 2738 1090 2774 fit

290 2800 414 2836 Coena,
430 2801 461 2832 δι
477 2807 576 2843 quem
589 2792 732 2829 frutetum
745 2788 856 2825 afferat
868 2788 1086 2828 fidelibusnl-

291 2857 365 2882 tum
379 2845 468 2893 apud
484 2855 540 2878 eos
561 2842 727 2877 silentium
740 2837 802 2875 fuit
814 2863 825 2879 ,
837 2838 944 2873 donec
957 2839 1093 2873 multo--

290 2908 363 2932 num
374 2896 506 2942 piorum
516 2892 673 2927 conuitiis
681 2886 887 2925 hoc‘ta'ndem
899 2888 961 2922 illis
971 2898 1087 2922 extor-

291 2943 427 2980 tnmest
437 2967 449 2982 ‚
472 2953 514 2976 vt.
530 2941 657 2989 aliquid·
667 2940 686 2976 ἑ
699 2939 825 2986 scriptis
838 2938 920 2970 meis
932 2948 1092 2984 excerpe.‚

292 3003 422 3030 tteuttne
434 2989 564 3038 semper
578 2991 642 3024 illis
652 2987 807 3025 odiosum
819 2983 895 3020 esset
905 2985 1088 3033 supprime-

294 3055 329 3079 re
340 3041 432 3089 quod
443 3040 643 3088 praecipuum
654 3050 732 3074 erat.
764 3035 860 3093 Qin
870 3038 902 3071 &
914 3032 1089 3069 Suenkfel‚

294 3093 388 3128 diurn
401 3089 500 3125 nobis*
521 3085 645 3123 socium
664 3088 844 3135 adiungeret
861 3095 930 3119 non
944 3083 1084 3119 dubitat.

294 3140 390 3188 Qd
398 3140 614 3174 :immerentes
623 3136 770 3184 hospites
781 3144 876 3169 vexas
885 3133 1089 3179 canis‚igna·

292 3203 353 3226 uus
365 3185 516 3224 aduersus
527 3188 637 3234 lupos?
656 3187 772 3232 Qum
785 3182 844 3218 suo
855 3181 1089 3218 veneno-Ger*

294 3239 441 3274 maniam
456 3235 607 3272 inficeret
617 3231 984 3275 Suenkfeldiumcrirer
996 3229 1090 3265 resti-

296 3291 449 3324 timus‚vt
460 3297 523 3320 nos
533 3283 669 3333 pessime
681 3278 1090 3319 omniumoderit.bNunc‚

298 3336 321 3372 si
331 3334 498 3373 Heshusio
511 3332 767 3384 credaturdllum
777 3332 929 3367 aluimus.
952 3328 989 3364 15
999 3328 1093 3376 quod

702 212 799 254 ,DE
850 212 1459 255 VERA.1›³ARTICIP.

1115 278 1226 325 impio
1235 276 1388 323 Nestorii
1398 277 1516 312 delirio
1529 289 1590 314 nos
1603 278 1761 320 inuoluit,
1775 280 1857 328 quid
1868 295 1923 318 re-

1116 325 1300 374 spondeam
1310 349 1321 366 ‚
1334 325 1400 362 nisi
1414 337 1482 362 tarn
1504 327 1698 375 improbum
1712 321 1920 365 conuitiato-

1116 388 1189 411 rem
1202 373 1253 410 sua
1263 376 1498 411 maledicentia
1509 376 1629 424 sponte
1639 379 1832 414 concidere?
1847 381 1923 415 De—

1120 424 1249 459 scendit
1259 425 1370 472 postea
1381 426 1421 461 ad
1434 426 1597 462 Iustinum
1610 427 1792 475 Martytem
1805 451 1815 469 ‚
1829 431 1921 464 cuius

1119 473 1358 509 authoritatem
1370 475 1513 511 libenter
1525 477 1638 524 magni
1648 475 1719 512 fieri
1729 478 1848 524 patior.
1856 478 1920 514 Sed

1121 524 1202 570 quid
1216 524 1271 558 ille
1280 524 1372 571 quod
1383 524 1508 559 causam
1525 526 1670 561 nostram
1681 526 1776 562 laedat
1787 530 1803 559 ἓ
1821 528 1921 563 Dicit

1120 585 1243 619 panem
1256 576 1372 608 Coenae
1382 585 1453 607 non
1469 572 1535 608 ess‘e
1549 569 1777 610 communem.
1799 588 1921 625 nempe

1122 622 1199 669 quia
1223 623 1312 669 prius
1333 621 1532 670 exposuerat·
1543 636 1616 658 non
1637 624 1772 659 admitti
1790 624 1831 659 ad
1851 627 1922 662 eius

1123 671 1416 719 participationem
1431 671 1563 720 nifivquri
1570 672 1741 720 Baptismo
1748 671 1854 709 abluti
1862 697 1872 713 ‚
1888 679 1922 712 δε

1122 721 1343 769 Euangelium
1358 722 1500 769 amplexi
1510 734 1615 756 erant.
1637 723 1790 770 Longius
1801 722 1924 759 deinde

1123 770 1348 818 progreditur.
1381 772 1485 807 Sicuti
1495 770 1647 807 Christus
1657 783 1732 806 caro
1743 769 1846 806 faetus
1860 771 1920 813 est.

1123 821 1168 853 ita
1178 820 1422 856 &alimentum
1446 821 1539 866 qnod
1551 819 1654 856 verbo
1666 820 1868 868 precationis
1880 821 1923 857 ab

1123 868 1194 916 ipso
1206 868 1422 904 benedictum
1434 870 1481 905 est
1490 893 1501 908 ,
1516 874 1549 906 &
1571 882 1639 917 quo
1660 869 1790 918 sanguis
1801 875 1835 907 δι
1845 881 1924 906 cato

1123 917 1236 953 nostra*
1246 930 1304 965 pet
1321 917 1634 955 transmutationem
1655 920 1788 954 aluntur
1798 942 1808 959 ,
1822 919 1924 966 ipsius

1123 966 1251 1003 Christi
1263 979 1395 1003 carnem
1410 968 1445 1004 r&
1465 967 1658 1016 sanguinem
1672 966 1733 1003 esse
1744 967 1858 1003 edoffl
1869 967 1924 1004 su·-

1122 1028 1206 1052 mus.
1238 1017 1458 1064 Comparatio
1472 1017 1614 1064 mysticae
1626 1017 1875 1052 benedictionis
1888 1019 1924 1053 in

1124 1066 1236 1101 Cinna
1254 1077 1329 1100 cum
1351 1066 1579 1101 incarnatione
1602 1064 1729 1102 christi
1753 1065 1924 1102 Heshufio

1123 1115 1258 1151 videtur
1268 1115 1310 1149 ad
1327 1110 1685 1151 victoriamsuffitere.
1722 1114 1826 1162 Qafi
1841 1115 1923 1152 ‘veto

1123 1165 1248 1213 aequal'e
1264 1165 1299 1199 in
1310 1175 1454 1212 vtroque
1476 1164 1677 1200 miraculum·
1690 1162 1923 1200 statuatlusti-

1124 1215 1256 1250 nuszcui
1273 1213 1338 1248 hoc
1350 1214 1505 1250 duntaxat
1516 1213 1722 1262 propositum
1733 1211 1810 1253 fuit,
1822 1225 1926 1261 quam

1123 1262 1224 1298 semel
1235 1262 1387 1299 Christus
1401 1276 1532 1298 carnem
1545 1277 1583 1299 ex
1593 1262 1694 1298 nobis
1708 1263 1820 1299 induit
1832 1285 1843 1304 ,
1854 1276 1926 1300 eam

1124 1312 1226 1347 nobis
1237 1313 1392 1360 quotidie
1404 1314 1440 1347 in
1457 1312 1570 1356 cibum
1586 1312 1668 1348 dari.
1695 1313 1786 1348 Nam
1809 1312 1844 1348 in
1862 1311 1925 1350 hae

1125 1361 1284 1398 sententia
1314 1361 1544 1398 confirmanda
1571 1361 1714 1410 simplici
1741 1360 1923 1399 verborum

1125 1411 1250 1447 Christi
1262 1412 1460 1447 recitatione
1478 1421 1658 1447 contentus
1671 1410 1736 1446 est:
1750 1423 1814 1447 nec
1832 1411 1924 1447 aliud

1125 1461 1304 1496 contendit
1313 1462 1413 1508 quim
1422 1458 1498 1496 solis
1508 1460 1632 1496 Christi
1645 1459 1811 1508 discipulis
1824 1459 1925 1496 bene·

1126 1509 1242 1546 ficium
1253 1509 1320 1545 hoc
1332 1508 1393 1545 effe
1403 1518 1600 1550 commune,
1609 1509 1716 1558 quiin
1728 1521 1838 1545 veram
1850 1510 1926 1557 pie-

1125 1570 1227 1596 tatem
1241 1560 1365 1595 initiati
1379 1558 1463 1595 sunta
1482 1561 1535 1595 Vt
1546 1570 1656 1594 autem
1667 1558 1764 1594 huius
1775 1558 1926 1594 breuita-

1125 1610 1167 1644 tis
1177 1609 1294 1644 clarior
1305 1607 1456 1644 succedat
1476 1609 1640 1655 intorques
1648 1611 1794 1643 Irenaeus
1803 1632 1814 1649 ,
1830 1609 1925 1644 Hes-

1125 1657 1219 1694 husro
1229 1657 1394 1694 concedo.
1421 1656 1657 1704 Noareferam
1675 1656 1801 1703 singula
1811 1657 1922 1693 verba:

1124 1706 1210 1743 nihil
1220 1719 1333 1743 tamen
1345 1708 1502 1743 omittam
1513 1706 1606 1756 quod
1615 1707 1657 1742 ad
1665 1719 1735 1741 rem
1747 1704 1926 1742 faciamo-

1125 1757 1262 1792 nehitur
1273 1768 1389 1793 contra
1408 1756 1582 1792 haercticos
1603 1759 1663 1804 qui
1677 1768 1809 1791 carnem
1821 1768 1927 1805 nega-

1125 1807 1208 1842 bant
1219 1818 1373 1855 capacem
1383 1804 1444 1842 effe
1457 1807 1732 1854 incorruptionis.
1759 1806 1793 1840 Si
1803 1806 1849 1840 ita
1864 1804 1926 1846 est.

1125 1856 1249 1904 inquit,
1263 1868 1324 1891 nec
1335 1855 1494 1904 sanguine
1505 1853 1561 1891 suo
1573 1856 1746 1892 Dominus
1754 1867 1818 1890 nos
1827 1854 1926 1890 rede-

1125 1907 1188 1942 mit
1208 1929 1220 1946 ‚
1239 1918 1300 1941 nec
1321 1907 1403 1941 calix
1424 1903 1637 1941 Eucharistiae
1658 1903 1925 1940 communicatio

1125 1954 1294 2003 sanguinis
1305 1956 1451 1994 eiusmec
1462 1954 1554 2004 panis
1563 1966 1663 2003 quem
1672 1951 1851 1999 frangimus
1861 1953 1926 1988 εδ.-

1125 2004 1310 2040 municatio
1322 2005 1484 2053 corporis.
1495 2004 1634 2051 Sanguis
1645 2002 1735 2036 enim
1747 2002 1793 2035 no
1805 1999 1851 2035 est
1862 1997 1925 2045 nist

1126 2054 1145 2090 ὲ
1156 2054 1250 2089 venis
1260 2059 1293 2090 &
1306 2055 1430 2101 reliqua
1446 2053 1596 2094 hominis
1607 2049 1803 2089 substantia,
1815 2051 1849 2083 in
1861 2061 1927 2097 qua

1127 2103 1205 2139 vere
1213 2115 1274 2138 nos
1286 2104 1387 2137 Filius
1396 2103 1465 2137 Dei
1477 2101 1631 2136 redemit.
1664 2098 1880 2146 Enquoniam
1891 2110 1929 2132 e-

1127 2153 1178 2188 ius
1194 2151 1343 2187 membra
1353 2150 1462 2186 sumus
1473 2175 1482 2190 ‚
1496 2155 1528 2188 δι
1547 2161 1605 2197 per
1619 2159 1797 2182 creaturam
1817 2148 1928 2182 nutri-

1128 2213 1217 2236 mur:
1229 2211 1408 2235 creaturam
1422 2210 1531 2234 autern
1543 2196 1610 2246 ipse
1621 2196 1719 2232 nobis
1731 2193 1928 2245 praestat,so-

1128 2251 1195 2285 lem
1214 2249 1305 2285 suurn
1331 2250 1411 2284 oriri
1423 2247 1566 2287 faciens,
1585 2252 1617 2284 δι
1631 2246 1747 2294 pluens
1761 2245 1927 2293 quemad-

1128 2299 1269 2334 modum
1282 2299 1364 2336 vult,
1374 2309 1451 2331 eum
1463 2297 1599 2337 calicem
1613 2295 1693 2345 ,2qui
1705 2294 1752 2330 est
1766 2305 1926 2336 creatura,

1129 2347 1221 2383 suum
1234 2359 1353 2394 corpus
1366 2344 1582 2381 confirmauit
1593 2367 1605 2385 ‚
1619 2357 1656 2380 ex
1668 2356 1737 2392 quo
1749 2342 1858 2378 nostra
1865 2356 1928 2384 au-

1129 2407 1187 2444 get
1198 2408 1351 2443 corpora.
1378 2394 1526 2444 Qndo
1536 2406 1617 2443 ergo
1627 2397 1660 2431 δι
1670 2393 1793 2429 mixtus
1804 2392 1927 2430 calix&

1130 2445 1249 2482 fractus
1262 2445 1354 2493 panis
1371 2444 1515 2492 percipit
1533 2443 1672 2479 verbum
1692 2442 1785 2482 Dei,
1806 2440 1846 2476 fit
1855 2442 1930 2477 Eu-

1130 2494 1281 2532 charistia
1301 2493 1470 2542 sanguinis
1489 2497 1522 2530 δι
1531 2517 1534 2521 -
1544 2492 1697 2540 corporis
1712 2489 1841 2527 Christi
1861 2513 1871 2527 ‚
1888 2503 1929 2526 ex

1130 2544 1252 2592 quibus
1267 2555 1404 2592 augetur
1417 2547 1449 2580 δι
1471 2541 1596 2578 (ὂίὶίὶίε
1607 2542 1710 2576 carnis
1719 2540 1838 2576 nostrae
1848 2538 1927 2580 sub,-

1131 2593 1455 2635 stantjaQuomodo
1464 2604 1593 2628 carnem
1604 2601 1702 2638 negat
1713 2601 1864 2638 capacem
1874 2587 1928 2623 es·-

1132 2643 1162 2678 se
1173 2642 1370 2678 donationis
1381 2642 1480 2681 Dm:
1492 2641 1550 2692 qui
1561 2640 1608 2677 est
1620 2641 1688 2675 vita
1696 2650 1815 2674 aeterna
1823 2660 1835 2678 ,
1854 2648 1928 2685 quae

1132 2691 1289 2741 sanguine
1297 2696 1330 2727 δι
1337 2702 1479 2738 corpore
1488 2688 1614 2726 Christi
1626 2689 1930 2724 nutritur‚&mem-

1132 2741 1230 2776 brum
1241 2741 1310 2776 eius
1317 2739 1386 2776 est?
1405 2739 1486 2775 ficut
1497 2738 1579 2774 dicit
1597 2737 1777 2785 Apostolus
1792 2759 1803 2776 ,
1825 2737 1931 2778 Quo-

1133 2791 1222 2826 niam
1234 2789 1382 2824 membra
1395 2787 1505 2829 sumus
1515 2790 1665 2835 corporis
1678 2787 1746 2821 eius
1756 2809 1766 2827 ‚
1779 2789 1812 2822 δι
1822 2785 1864 2819 de
1872 2783 1929 2819 os-

1135 2836 1225 2875 fibu's
1234 2839 1383 2877 eius,&c.
1412 2838 1568 2872 ‘feneam
1582 2836 1743 2872 Lectores
1754 2832 1930 2870 eonsilium

1137 2889 1265 2935 lrenaei.
1279 2888 1402 2934 Neque
1410 2887 1499 2920 enim
1507 2883 1649 2933 disputat
1660 2897 1700 2919 an
1713 2884 1931 2932 corporaliter

1135 2936 1272 2973 edamus
1283 2932 1663 2976 Christumtsed-tantiim
1672 2931 1848 2968 contendit
1855 2944 1932 2967 car-

1136 2984 1297 3022 acronius
1309 2983 1536 3033 &sanguinein
1547 2983 1649 3018 nobis
1657 2980 1720 3017 esse
1729 2982 1764 3016 in
1775 2979 1887 3016 cibum
1896 2985 1932 3017 &t

1136 3044 1257 3083 potum
1268 3045 1331 3075 ,Ἢ
1342 3033 1542 3080 spiritualem
1550 3031 1758 3067 vitamcarni
1769 3026 1933 3066 nostre&

1137 3084 1292 3133 sanguini
1306 3082 1483 3119 infundant
1491 3106 1501 3116 .
1530 3081 1593 3117 sed
1613 3080 1729 3115 melius
1757 3078 1843 3114 solui
1851 3075 1933 3113 *tota

1138 3132 1355 3182 quaestio'non
1365 3130 1473 3179 potest
1482 3126 1591 3179 'q'uam
1603 3142 1642 3166 ex
1653 3128 1830 3164 verborum
1843 3138 1930 3161 con-

1138 3193 1242 3218 textu.
1264 3179 1392 3216 *Eadem
1404 3181 1493 3215 enim
1506 3190 1576 3214 non
1588 3177 1649 3213 alia
1667 3175 1932 3212 communicatio

1140 3232 1249 3267 carn-is
1258 3230 1384 3266 Christi
1396 3229 1463 3263 illic
1474 3228 1625 3264 asseritur·
1634 3228 1668 3261 in
1681 3227 1790 3261 coena
1799 3246 1811 3264 ‚
1829 3223 1932 3271 quam

1141 3280 1403 3328 spiritualis,quae
1412 3282 1448 3314 ὅ(
1458 3286 1614 3326 perpetua
1622 3275 1682 3314 est,
1691 3278 1724 3310 δι
1735 3271 1835 3308 nobis
1845 3284 1932 3307 con·
1963 3319 1965 3321 Ι

1139 3330 1200 3366 ssat
1208 3326 1299 3366 extra
1309 3325 1544 3366 Coenaevsum.
1573 3325 1658 3362 Non
1667 3324 1738 3359 vult
1746 3319 1931 3406 Ησεοῑιζίῐίιέι

1859 3381 1885 3406 ri
1915 3381 1928 3405 ι
