2113 3674
203 656 309 693 Heb.13.

322 214 382 261 398

784 236 790 240 .
836 200 1018 239 VERA
1068 196 1426 236 ECCLESIAE

321 270 459 308 familiis
475 283 483 303 ι
507 266 630 302 liberos
650 262 723 298 suos
745 262 916 297 instituant
934 264 968 297 in
984 264 1105 297 timore
1153 259 1345 295 cerdotibus
1356 259 1692 306 agitur‚Sacramento
1705 257 1789 296 nihil
1800 257 1943 295 habeant

326 320 487 357 Domini.
517 319 615 351 Hanc
627 312 686 348 esse
698 324 806 346 veram
819 324 854 347 ac
874 309 1011 347 solidam
1021 312 1105 358 Epi-

326 370 415 416 scopi
432 364 669 415 perfeftionem
680 386 690 402 ‚
703 363 792 397 cuius
804 362 921 396 Paulus
944 361 1108 407 exemplar

325 412 633 467 praescribit,negari
644 416 712 453 nou
725 410 843 459 potest.
857 408 1015 458 quuis
1027 421 1107 455 ergo

327 464 431 502 decise
443 464 566 510 aliquid
581 459 732 502 Ecclesiae
743 459 897 495 ministris
910 470 1002 506 putat
1012 481 1021 496 ,
1049 456 1109 491 nisi

327 514 455 551 caelibes
469 510 686 551 viuant‚aliud
697 509 757 544 fibi
769 507 885 543 habeat
897 507 1046 543 Ecclefiae
1058 518 1111 540 re-

326 566 461 613 gimen,
473 562 573 608 quam
588 558 794 608 *quodrnobis
814 559 914 592 Filius
936 559 1004 603 Dei
1018 567 1111 589 corn·

325 613 442 648 menda
450 612 508 645 uit.
537 614 649 657 Atque
658 619 693 642 vt
705 608 814 642 minus
829 606 1050 641 dubitanonis
1062 602 1113 638 es-

325 659 503 701 setffiiserte
513 659 590 694 alibi
603 659 774 706 pronutiat
786 657 924 703 Spiritus
937 655 1016 693 Dei,
1034 655 1112 687 Ho-

325 710 478 747 norabile
490 707 549 743 effe
561 710 594 742 in
606 705 762 743 omnibus
774 705 980 752 coniugium.
1002 706 1114 747 Qem

325 763 438 797 locum
459 758 593 793 citando
611 756 763 803 nequiter
782 754 961 800 deprauant
982 752 1115 787 Media-

326 821 428 846 toreS.
449 812 648 843 Praetereunt
661 805 749 838 enim
763 803 796 838 id
809 805 899 850 quod
914 802 1116 849 praecipuum

326 870 395 894 crat
405 858 566 893 orationis
581 853 768 890 membrum
780 876 790 892 ‚
806 865 936 898 nempe,
950 854 989 884 In
1001 850 1116 892 omni-

326 909 399 943 bus.
433 907 527 955 Qd
558 906 646 939 enim
666 902 747 936 noui
768 899 948 949 protulisset
968 901 1117 947 Aposto-

327 959 398 997 lus,
418 956 441 991 st
458 948 651 1001 simpliciter
660 948 786 990 dixisset
797 975 806 990 ‚
821 949 1015 996 coniugium
1036 961 1118 996 pro..

327 1006 392 1042 bro
403 1007 534 1041 carere?
562 1001 728 1037 Nondum
739 1001 829 1034 enim
840 1000 910 1033 talis
921 1022 930 1038 ‚
958 999 1010 1033 vel
1030 999 1118 1032 inter

329 1056 460 1091 Iudaeos
473 1078 483 1094 ‚
505 1052 556 1087 vel
568 1053 654 1085 inter
666 1050 794 1089 Gentes
810 1047 995 1095 superstitio
1008 1057 1119 1081 emer—

329 1105 411 1140 serat
421 1133 431 1148 ,
443 1114 513 1150 quae
524 1101 605 1135 illud
616 1098 800 1147 ignominia
811 1108 950 1132 notaret.
965 1096 1028 1131 Sed
1041 1094 1118 1130 cum

331 1153 418 1189 forte
446 1150 632 1187 caelibatum
653 1146 776 1183 morosi
795 1146 929 1194 quidam
950 1145 1118 1185 homines,

326 1214 488 1249 *tanquam
503 1198 643 1237 sanetius
655 1209 712 1244 per
723 1193 752 1230 se
762 1196 836 1230 vita:
847 1206 947 1244 genus
962 1218 972 1233 ,
991 1195 1120 1229 immo-

321 1251 406 1292 dice
418 1249 627 1285 extollerent:
639 1248 716 1282 cum
727 1244 923 1279 horribilem
936 1244 1003 1278 Dei
1014 1244 1119 1279 vltio-

329 1314 408 1336 nem
429 1296 664 1334 scortatoribus
677 1301 710 1332 δι
722 1295 875 1328 adulteris
887 1291 1120 1332 denuntiat,si-

331 1346 664 1385 mul-incontinentiae
684 1344 868 1379 remedium
891 1343 1052 1389 proponit
1063 1364 1073 1381 ‚
1086 1351 1121 1376 vt

331 1399 420 1433 suam
432 1395 569 1445 quisque
583 1407 718 1429 vxorem
731 1392 858 1426 habeat.
870 1394 926 1441 Ne
940 1390 1020 1426 vero
1037 1404 1121 1425 con-

332 1449 463 1496 iugium
476 1445 697 1493 aspernaretur
709 1441 868 1489 quispiam
881 1464 889 1479 ‚
903 1440 1038 1475 testatur
1061 1437 1122 1474 effe

332 1499 367 1532 in
380 1495 538 1532 omnibus
551 1492 758 1528 honorabile.
774 1493 853 1538 Q
865 1489 1027 1537 significat
1038 1512 1048 1529 ,
1060 1501 1122 1524 ne-

333 1547 460 1582 minem
473 1542 533 1578 esse
546 1554 635 1577 tanta
654 1544 811 1576 virtutum
830 1539 1019 1574 excellentia
1038 1550 1121 1586 prae-

333 1595 461 1633 ditum,
481 1605 581 1641 quem
592 1603 660 1625 non
678 1591 808 1624 deceat:
829 1587 941 1622 necab
961 1588 1024 1621 vlla
1044 1586 1121 1623 fun-

332 1645 446 1679 &ione
477 1641 688 1690 quantumuis
711 1639 858 1686 praeclara
877 1635 938 1671 esse
966 1637 1121 1671 alienum.

332 1693 434 1729 Vnde
444 1694 546 1740 igitur
557 1690 624 1724 haec
637 1701 723 1723 noua
735 1687 1124 1733 sanstitas?Reperiemus

332 1736 487 1788 profe&o
500 1741 518 1774 'a
529 1741 696 1774 Montano
708 1761 718 1777 ‚
731 1736 910 1773 Encratitis
921 1759 931 1775 ‚
952 1741 984 1771 &
1005 1734 1124 1771 simili-
1136 1736 1138 1741 ’

332 1791 394 1826 bus
404 1790 464 1825 effe
476 1800 591 1823 ortam.
620 1787 780 1823 Damnati
792 1785 982 1834 quidemilli
993 1782 1125 1819 fuerunt

333 1841 400 1875 iam
411 1840 512 1873 olim:
528 1834 714 1875 hoc'tamen
727 1834 877 1873 obtinuit
889 1836 985 1868 Satan
1005 1845 1042 1868 vt
1065 1834 1131 1873 da-·

333 1890 455 1924 innatis
467 1888 646 1922 hominum
659 1883 804 1932 personis
816 1907 826 1923 ,
838 1884 960 1930 impius
971 1895 1061 1918 error
1071 1884 1125 1918 di-

333 1939 438 1975 midia
453 1947 592 1985 exparte
611 1934 818 1983 probaretur.
844 1932 1006 1966 Paulatim
1029 1933 1126 1967 dein-

335 1988 377 2022 de
387 1988 490 2024 creuit
509 1984 717 2033 superstitio,
733 1993 769 2017 vt
781 1981 998 2017 matrimonio
1021 1979 1125 2016 sacer-

212 2033 312 2072 Triper.
337 2035 683 2072 dotibusinterdicere
701 2031 836 2079 quidam
854 2031 987 2066 vellent.
1017 2028 1128 2079 quue

213 2073 262 2110 '¹⁶'ss-
270 2073 324 2103 1th
337 2084 426 2122 fuisse
441 2087 474 2120 in
484 2085 614 2120 Nicena
633 2082 768 2129 Synodo
780 2082 939 2128 agitatum
953 2077 1051 2115 refert
1065 2084 1128 2115 So—

212 2122 264 2153 cap.
274 2123 306 2151 ¹4

335 2146 497 2175 zomeuus
517 2149 525 2169 ι
548 2132 600 2167 sed
621 2143 698 2166 tunc
720 2127 896 2164 intercessit
925 2128 1129 2176 Paphnutius

337 2196 478 2231 martyr,
489 2183 546 2230 qui
558 2205 568 2222 ,
581 2180 656 2217 cum
680 2179 748 2227 ipse
760 2178 852 2214 thori
870 2178 1054 2226 coniugalis
1072 2191 1129 2213 ex-

337 2246 411 2282 pers
433 2231 527 2271 esl'et,
549 2232 631 2265 dixit
648 2240 758 2264 tamen
770 2252 780 2267 ,
800 2226 982 2263 castitatem
995 2239 1131 2274 quoque

338 2282 399 2318 effe
409 2305 419 2322 ,
432 2295 504 2316 cum
516 2292 616 2314 vxore
629 2279 759 2326 propria
769 2276 999 2311 concubitum.
1027 2277 1130 2312 Nunc

340 2332 419 2367 vero
432 2330 534 2365 nostri
546 2329 748 2363 Medi-atores
762 2349 772 2365 ,
791 2339 831 2360 ne
853 2326 1029 2360 videantur
1046 2339 1130 2361 con-

339 2382 434 2429 iugio
446 2380 586 2414 nimium
596 2378 702 2424 iniqui
716 2400 726 2416 ,
737 2374 930 2410 tolerandos
942 2371 1002 2410 esse
1011 2374 1131 2410 admo-

339 2441 420 2465 nent
432 2427 598 2463 ministros
609 2450 618 2465 ‚
631 2426 688 2473 qui
700 2425 817 2459 adduci
830 2437 898 2458 non
911 2434 1083 2471 poterunt,
1095 2435 1132 2459 vt

341 2491 420 2526 quas
431 2477 553 2512 habent
563 2487 679 2510 vxores
691 2498 700 2513 ‚
714 2475 899 2521 repudient.
930 2475 1132 2520 Quanquam

344 2528 460 2563 sedulo
481 2524 603 2561 rursum
628 2535 742 2558 cauent
752 2546 761 2562 ,
786 2535 825 2557 ne
847 2522 991 2569 ipsorum
1006 2521 1133 2557 causam

342 2577 484 2625 probiire
504 2575 676 2609 videantur
696 2595 706 2612 ‚
729 2572 807 2606 dum
828 2570 892 2605 hoc
910 2572 975 2605 illis
992 2572 1136 2608 concedi

343 2627 461 2660 volunt
473 2650 482 2665 ‚
496 2636 536 2658 ne
550 2622 571 2657 si
589 2633 704 2670 praeter
713 2621 852 2655 modum
867 2632 1044 2668 vrgeantut
1055 2645 1065 2661 ‚
1078 2633 1133 2656 tu-

342 2676 483 2709 multum
508 2682 676 2708 moueant.
725 2671 803 2704 Hoc
823 2670 927 2703 modo
947 2669 1136 2706 concubina

343 2722 468 2758 Issebio
481 2721 695 2758 conceditur,
708 2717 798 2754 neab
809 2731 845 2752 ea
857 2718 1022 2754 violenter
1040 2721 1134 2754 auul-

344 2772 396 2807 sus
409 2796 419 2811 ,
433 2772 471 2805 ad
484 2784 570 2805 arma
581 2770 778 2805 conclamet.
808 2768 943 2813 Dignus
963 2768 1051 2804 certe
1063 2769 1133 2816 qui,

346 2821 422 2856 cum
438 2819 477 2854 sit
489 2821 592 2854 inanis
607 2819 718 2867 gloriae
730 2814 968 2864 cupidissimus,
981 2819 1043 2852 tale
1054 2830 1136 2866 pro-

346 2869 443 2905 brum
457 2868 620 2903 sustineat.
653 2867 716 2902 Sed
729 2867 832 2901 miror
843 2866 969 2900 nullum
981 2867 1065 2901 adeo
1076 2865 1137 2902 esse

347 2919 513 2968 pudorem
546 2914 818 2951 Moderatoribus
828 2937 838 2953 ‚
863 2925 899 2948 vt
917 2913 1041 2950 soluere
1066 2928 1138 2951 non

348 2967 504 3004 dubitent
516 2965 633 3001 sacram
656 2964 804 3012 coniugii
826 2962 929 2998 fidem
940 2986 950 3002 ,
975 2964 1033 2998 nisi
1047 2966 1137 3012 peri-

348 3017 459 3053 culum
473 3016 489 3050 a
504 3017 656 3064 grauiore
669 3025 764 3049 motu
777 3011 864 3047 esset.
875 3014 987 3060 Atque
995 3012 1048 3049 hic
1059 3013 1136 3049 bre-

348 3068 436 3102 uiter
445 3065 537 3112 quod
551 3065 638 3110 prius
649 3064 748 3111 attigi
761 3087 772 3104 ,
784 3072 930 3109 repetere
950 3064 1068 3097 iterum
1079 3076 1137 3097 co-

350 3127 423 3164 gor.
438 3116 527 3149 Nam
538 3112 612 3147 'cum
625 3112 711 3146 hunc
723 3112 888 3147 honorem
899 3108 1017 3145 deferri
1026 3113 1137 3146 Sacra-

350 3174 468 3204 mento
489 3162 613 3201 velint,
634 3174 668 3197 vt
688 3161 895 3196 contractum
915 3161 1138 3196 temereinter

351 3210 572 3250 adulescentes
583 3211 780 3257 coniugium
794 3209 1010 3244 nihilominus
1031 3221 1137 3245 ratum

353 3258 569 3301 maneat‚etsi
581 3270 695 3306 praeter
712 3261 760 3294 ius
780 3264 812 3296 δι
832 3256 876 3293 sas
887 3258 1006 3293 initum
1026 3256 1133 3294 fuerit:

353 3323 424 3358 quae
435 3310 494 3348 ista
505 3308 550 3346 est
562 3307 737 3349 desultoria
745 3309 859 3346 leuitas
868 3330 881 3350 ,
899 3317 936 3344 vt
947 3306 1023 3343 cum
1037 3307 1076 3344 de
1089 3307 1139 3357 s²7

1155 308 1294 343 honoris
1321 312 1333 342 Ρ
1372 310 1449 343 Nos
1468 307 1548 342 vero
1568 309 1646 344 dum
1666 308 1817 342 audimus
1835 322 1872 343 ex
1889 322 1948 344 ore

1156 359 1260 396 Pauli,
1272 357 1476 391 diabolicum
1488 356 1551 392 esse
1563 368 1793 393 commentum
1804 381 1814 398 ,
1827 359 2066 398 coniu-1.Tim.4
2086 374 2090 390 ι

1158 406 1203 454 gij
1224 406 1489 454 prohibitionem
1505 420 1512 440 :
1537 406 1587 441 bis
1609 407 1763 442 diabolos
1783 407 1948 454 intrepide
1960 409 1992 439 ¹·3

1160 466 1331 496 vocemus,
1345 456 1454 502 quivt
1465 455 1547 489 hanc
1560 455 1767 502 tyrannidem
1780 454 1950 497 defendat,

1160 505 1356 552 coniugium
1367 506 1436 539 Dei
1449 505 1587 539 nomine
1600 504 1827 541 consecratum
1838 503 1952 553 profa-

1161 565 1238 588 nare
1250 566 1423 589 conantur.
1674 583 1676 585 .
1720 586 1722 588 .
1847 573 1850 580 t
1868 568 1869 571 ¹

1213 605 1472 650 Qanquarn,ne
1483 600 1545 637 sint
1555 602 1696 638 nimium
1714 602 1863 638 liberales
1875 626 1886 643 ,
1897 602 1959 638 ad·-

1164 651 1246 686 dunt
1261 675 1270 691 ‚
1285 652 1524 699 expectandum
1539 649 1600 686 esse
1611 652 1759 697 Concilij
1774 652 1957 688 decretum.

1165 701 1259 748 Qd
1271 700 1405 749 frigitur
1417 701 1611 748 pronuntiet
1623 702 1839 740 Concilium,
1853 700 1960 739 ratast:

1165 762 1235 784 non
1246 749 1364 784 habere
1375 748 1603 785 ministrorum
1617 751 1831 797 coniugia,an'
1842 749 1960 785 homi-

1165 812 1245 833 num
1256 799 1395 833 arbitrio
1409 799 1562 845 protinus
1573 797 1617 834 fas
1630 802 1691 833 erit
1714 799 1850 846 separari
1873 811 1959 848 quos

1165 850 1261 883 Deus
1273 849 1472 883 coniunxit?
1492 849 1570 883 Hoc
1582 847 1654 883 sane
1667 847 1960 883 modohominum

1167 898 1299 932 iudiciis
1311 899 1377 932 Dei
1388 897 1574 932 institutum
1584 923 1593 938 ,
1604 898 1697 944 quod
1708 897 1830 932 merito
1844 899 1961 932 inuio-

1166 945 1264 981 labile
1272 945 1414 980 debebat
1424 944 1754 985 ess'e,subiiciunt:nifi
1764 947 1959 994 Prophetas,

1167 994 1830 1043 Apost6105‚praeciput'imquesanffimrum
1844 996 1961 1032 Pasto-

1167 1058 1240 1080 rum
1251 1043 1368 1078 florem
1383 1056 1568 1091 expungere
1580 1045 1712 1079 velinte
1727 1057 1866 1080 numero
1893 1045 1960 1080 ser-

1167 1107 1286 1129 uorum
1298 1094 1386 1132 Dei,
1399 1091 1604 1128 sacerdotum
1613 1090 1809 1142 coniugium
1824 1094 1962 1141 probari

1168 1144 1187 1179 ὲ
1197 1144 1276 1178 Deo
1287 1147 1319 1180 &
1333 1141 1498 1180 benedici,
1510 1155 1581 1177 non
1592 1142 1773 1190 negabunt.
1786 1144 1888 1178 Nunc
1902 1143 1965 1178 stat

1167 1194 1238 1228 Dei
1249 1192 1463 1230 sententia‚vt
1476 1192 1611 1231 reliffis,
1623 1191 1646 1226 si
1658 1204 1741 1239 opus
1757 1191 1802 1227 est
1815 1193 1965 1239 parenti-

1169 1241 1244 1281 bus,
1256 1241 1390 1276 maritus
1402 1245 1434 1276 &
1447 1252 1528 1275 vxor
1538 1241 1605 1276 duo
1618 1239 1680 1276 sint
1695 1243 1728 1276 in
1744 1253 1873 1276 carnem
1884 1244 1962 1277 vni.

1171 1289 1303 1339 Qibus
1318 1289 1427 1324 verbis
1439 1288 1601 1338 fignificat
1617 1289 1727 1324 Moses
1745 1288 1858 1326 sanctu
1877 1290 1963 1326 adet>

1170 1353 1234 1389 prae
1244 1340 1314 1374 aliis
1325 1338 1386 1373 effe
1398 1338 1461 1373 hoc
1474 1337 1581 1384 foedus
1594 1362 1605 1378 ,
1619 1350 1655 1374 vt
1668 1338 1848 1375 arctiffimo
1861 1341 1964 1375 etiam

1171 1391 1240 1424 eius
1252 1389 1503 1424 coniunctionis
1523 1388 1657 1429 vinculo
1674 1387 1880 1436 praeferatur,
1891 1400 1966 1437 quae

1170 1441 1277 1486 prima
1290 1437 1336 1472 est
1349 1440 1383 1473 in
1397 1447 1523 1472 natura.
1547 1437 1652 1472 Cuius
1665 1450 1745 1486 ergo
1753 1438 1893 1473 audaciae
1904 1438 1968 1478 est,

1170 1488 1263 1536 quod
1277 1498 1343 1521 tam
1356 1484 1463 1522 seuere
1475 1487 1492 1521 a
1506 1488 1585 1521 Deo
1601 1484 1758 1522 sancitum
1771 1486 1828 1526 est,
1839 1499 1899 1534 pro
1910 1488 1968 1522 ni-

1171 1538 1241 1572 hilo
1254 1537 1546 1572 dueere?Praeterea
1556 1534 1614 1570 vbi
1626 1535 1811 1570 caelibatum
1822 1536 1968 1584 impera-

1171 1588 1302 1625 uerint,
1315 1586 1391 1632 quis,
1401 1585 1646 1620 continentiam
1659 1584 1751 1620 dabit
1761 1607 1772 1625 ‚
1786 1584 1846 1619 nisi
1858 1585 1968 1632 palam

1173 1635 1309 1671 Christo
1322 1640 1352 1670 &
1362 1634 1464 1669 Paulo
1474 1634 1650 1668 reclamare
1660 1635 1969 1683 volent?Singu1are

1172 1684 1234 1720 esse
1244 1683 1458 1719 continentiae
1469 1683 1596 1718 donum
1608 1706 1618 1723 ‚
1631 1681 1784 1731 adeoque
1795 1696 1901 1719 rarum
1913 1707 1924 1723 ‚
1933 1688 1969 1721 δε

1160 1732 1374 1782 ,paucissimis
1386 1744 1586 1771 commune,
1605 1730 1701 1767 fateri
1711 1743 1886 1780 cogentur.
1914 1733 1969 1768 Eo

1174 1784 1364 1830 quicunque
1376 1794 1445 1815 non
1458 1781 1530 1817 sunt
1543 1781 1685 1828 praediti,
1697 1782 1846 1829 coniugii
1858 1795 1970 1817 reme-

1175 1833 1270 1866 dium
1281 1831 1304 1866 si
1316 1830 1483 1878 respuunt,
1501 1843 1579 1865 cum
1589 1832 1669 1865 Deo
1683 1831 1972 1880 pugnand0,nihil

1174 1880 1462 1929 proficient.Nam
1480 1891 1515 1914 Vt
1528 1878 1671 1915 maxime
1681 1891 1826 1915 arceatur
1837 1892 1969 1915 externa

1176 1932 1210 1965 in
1220 1929 1552 1978 temperie5‚interior
1563 1936 1673 1963 tamen
1683 1927 1866 1964 libidinum
1877 1928 1972 1965 aestus

1176 1981 1211 2014 in
1227 1980 1327 2014 corde
1337 1977 1492 2014 feruebit.
1517 1979 1610 2013 Hinc
1623 1975 1738 2012 misera
1759 1976 1973 2013 conscientiae

1177 2029 1391 2076 inquietudo,
1405 2038 1476 2074 quae
1485 2026 1626 2061 homine
1638 2038 1706 2061 non
1720 2028 1862 2074 patietur
1871 2027 1972 2074 quic-

1177 2091 1277 2126 quam
1290 2077 1472 2125 tranquillo
1481 2078 1598 2112 animo
1611 2098 1622 2115 ‚
1643 2080 1676 2112 δι
1686 2075 1980 2122 quemadmodffim'

1178 2128 1327 2175 loquitur
1338 2127 1472 2164 Paulus,
1483 2138 1520 2160 ex
1532 2124 1601 2159 fide
1612 2125 1759 2173 aggredi.
1789 2123 1926 2174 lfflsdet,
1939 2144 1978 2170 vt

1178 2177 1242 2211 tale
1258 2188 1335 2211 mox
1345 2174 1658 2223 pulluletclericorfi
1670 2172 1896 2228 semengquale
1909 2195 1977 2218 no-

1178 2224 1230 2260 bis
1242 2225 1305 2259 iam
1317 2236 1394 2259 ante
1403 2224 1529 2259 multos
1548 2228 1654 2257 annos
1672 2229 1816 2276 pmtulit
1827 2230 1978 2279 impurus
1999 2235 2003 2241 '

1179 2273 1234 2308 hic
1246 2273 1421 2309 caelibatus.
1436 2272 1581 2307 Proinde
1591 2275 1740 2325 nssqnam
1753 2279 1904 2314 volentes
1916 2293 1979 2329 pa-

1180 2324 1302 2358 tiamut
1311 2324 1407 2358 iniici
1417 2320 1572 2359 Ecclesia
1582 2327 1734 2374 laqueum
1747 2351 1757 2367 ‚
1776 2329 1833 2375 qui
1844 2341 1912 2364 non
1923 2330 1978 2365 so·-v

1179 2372 1251 2406 lum
1265 2372 1282 2407 ὲ
1296 2371 1482 2407 ministerio
1493 2385 1601 2410 arceat
1623 2377 1696 2423 pios
1710 2379 1742 2412 &
1758 2377 1884 2424 alioqui
1903 2391 1977 2414 ma-

1180 2422 1269 2457 xime
1282 2422 1425 2457 idoneos
1438 2424 1604 2472 viros‚qui
1616 2437 1727 2471 puram
1743 2427 1841 2460 metis
1853 2431 1884 2463 &
1897 2440 1978 2462 cor-

1181 2473 1273 2519 poris
1290 2470 1471 2508 castitatem
1485 2473 1518 2506 in
1529 2471 1639 2508 saneto
1650 2475 1810 2522 coniugio
1819 2475 1977 2513 cole‘t2sed

1183 2519 1272 2555 foeda
1283 2518 1466 2570 foetidz'rque
1477 2521 1695 2557 scortatorum
1710 2525 1853 2560 colluuie
1866 2536 1978 2561 totum

1183 2569 1355 2616 sacerdotij
1367 2572 1521 2605 ordinem
1537 2572 1704 2619 inquinet.
1938 2576 1946 2590 ¹

1235 2620 1340 2667 Qod
1354 2633 1390 2654 ac
1403 2621 1608 2655 ceremonias
1621 2621 1777 2668 pertinet,
1785 2622 1860 2658 cum
1872 2622 1979 2671 prope

1185 2669 1317 2704 infinita
1337 2668 1376 2703 sit
1395 2681 1505 2703 earum
1526 2671 1699 2719 congeries
1709 2694 1720 2711 ‚
1741 2675 1774 2708 &
1799 2671 1888 2706 bona
1904 2684 1979 2720 pars

1184 2718 1289 2753 stultis
1318 2717 1529 2765 absurdisque
1549 2717 1837 2766 superstitionibus
1864 2720 1902 2756 fit
1921 2734 1979 2757 re-

1184 2766 1266 2802 ferta
1277 2790 1287 2807 ,
1307 2779 1358 2811 eas
1370 2768 1456 2801 ‘dum
1479 2768 1684 2806 Mediatores
1703 2769 1824 2804 volunt
1844 2768 1976 2811 seruari,

1185 2816 1428 2851 correffionem
1437 2816 1556 2851 leuiter
1581 2829 1649 2852 vno
1663 2817 1776 2852 verbo
1792 2819 1975 2866 attingunt.

1186 2868 1387 2912 anuam
1399 2867 1530 2912 penitus
1540 2865 1672 2902 tacuisse
1682 2865 1862 2913 praestabat‚
1875 2867 1978 2915 quam

1185 2914 1270 2949 adeo
1286 2913 1404 2948 friuola
1420 2916 1610 2963 corrigendi
1629 2914 1837 2950 simulatione
1854 2916 1978 2952 defun-

1185 2964 1244 3011 gi.v
1260 2966 1404 2999 Arcanas
1415 2966 1628 3011 operationes
1639 2988 1650 3004 ‚
1661 2976 1740 3012 quas
1759 2963 1820 3000 suis
1832 2965 1976 3002 benedi-

1186 3012 1356 3047 ctionibus
1368 3010 1488 3048 subesse
1499 3015 1733 3060 imaginantur,
1746 3014 1825 3048 Deo
1838 3012 1908 3049 non
1920 3028 1977 3051 re-

1186 3061 1248 3096 bus
1264 3061 1339 3109 ipsis
1347 3062 1539 3097 tribuendas
1552 3061 1632 3103 effe,
1646 3059 1840 3098 admon'ent.
1872 3064 1977 3111 Qasi

1188 3111 1271 3146 vero
1281 3124 1349 3145 non
1363 3110 1417 3145 hic
1429 3110 1555 3158 semper
1565 3110 1641 3147 fons
1652 3112 1806 3146 omnium
1817 3113 1977 3160 supersti-

1187 3161 1319 3195 tionum
1333 3157 1517 3199 fuerit‚Dei
1527 3158 1808 3195 nomineabuti!8i
1819 3161 1902 3199 fides
1914 3167 1978 3197 eo-

1187 3223 1259 3244 rum
1272 3209 1370 3244 dietis
1383 3208 1696 3250 habetur‚luslralem
1707 3221 1825 3256 aquam
1838 3224 1908 3246 non
1919 3223 1978 3259 per

1187 3257 1230 3298 se,
1243 3258 1295 3293 sed
1308 3259 1375 3293 Dei
1386 3260 1509 3294 virtute
1519 3260 1626 3293 valere
1636 3258 1846 3294 censebimus
1857 3261 1897 3295 ad
1907 3261 1978 3295 dae-

1187 3320 1305 3343 mones
1315 3307 1515 3357 abigendos,
1526 3305 1851 3357 propulsandfimque
1863 3309 1977 3358 quod-

1924 3370 1975 3394 uis
