2113 3674
340 184 403 220 254
954 158 1331 196 SCHOLIA.

329 235 492 270 insolens,
509 228 691 266 rescindere
703 221 878 273 promissa,
899 221 917 257 21
938 220 1005 256 fide
1023 218 1121 256 semel

332 286 405 320 data
414 281 533 317 resilire
546 303 556 319 ,
570 277 653 312 nihil
664 275 784 310 habere
796 273 885 307 firmi
896 284 956 306 nec
968 272 1027 305 ra'ti
1038 293 1047 310 ,
1061 269 1121 305 nisi

335 343 496 380 quantum
508 328 546 362 sit
562 325 730 362 tibivtile.
753 322 861 368 Qod
881 320 903 355 fi
921 322 939 356 ὲ
952 322 1125 355 communi

337 379 529 417 Germaniae
552 374 608 410 vsu
619 373 778 409 abhorret
789 395 800 412 ,
814 371 906 418 quod
924 367 1126 417 promiseris,

334 443 397 478 pro
409 427 516 463 nihilo
530 425 648 460 ducere
658 447 669 463 ‚
682 434 717 458 vt
725 422 894 461 retractes,
906 420 982 454 cum
991 417 1127 460 libem&

337 478 472 515 Caesaris
485 472 627 523 persona'
637 472 720 521 quid
730 472 884 506 alienius?

515 599 959 645 CONCLVSIO.

527 717 542 749 1
557 727 580 749 N
597 726 611 749 1
627 716 647 748 ς’
662 711 708 748 est
720 736 730 752 ,
742 720 778 745 vt
788 707 948 756 quicquid
961 718 1036 742 curn
1045 708 1132 741 Pro-

490 761 500 771 ”
529 761 721 799 testantibus
742 760 854 807 parius
874 756 970 793 fuerit
983 758 1132 804 Impera·

419 849 423 857 Χ
530 825 595 852 tor,
608 808 812 859 transegerit,
826 806 1045 843 constituerit,
1057 806 1134 839 irri-

528 873 597 897 tum
609 861 647 895 sit
658 872 694 894 ac
704 860 814 894 inane·
835 859 881 892 At
893 855 960 891 fide
970 856 1056 889 inter
1067 854 1134 889 bo-

340 917 450 953 mines
463 910 707 949 nihilsanffius.
738 907 870 942 Pridem
891 906 1059 940 decretum
1073 903 1133 944 est,

341 975 412 1001 non
425 962 485 999 effe
496 960 657 996 haereticis
676 957 867 993 seruandam
881 953 983 988 fidem
994 968 1003 988 ς
1016 954 1098 1000 quid
1111 951 1135 988 st

341 1010 574 1061 interpositum
595 1008 633 1043 fit
650 1005 899 1042 iufiurandum?
929 1001 1031 1050 Qsi
1054 1002 1134 1037 vero

343 1076 415 1099 non
436 1061 474 1097 sit
495 1057 714 1108 pontificium
739 1079 750 1096 ,
775 1053 978 1089 sacramento
996 1050 1135 1092 soluere,

329 1112 480 1161 ‘quoties
491 1107 596 1144 visum
605 1106 721 1142 est.1us
736 1103 782 1140 est
790 1103 926 1149 Imperii
939 1112 1136 1149 perpetuum

342 1174 380 1197 ac
401 1157 598 1197 inuiolabile
617 1180 628 1196 ,
654 1167 691 1190 vt
711 1151 875 1202 promiffis
902 1151 1014 1187 stetur.
1042 1150 1137 1199 Qid

343 1223 416 1248 tum
429 1234 440 1249 ,
454 1209 567 1243 annon
580 1204 709 1253 legibus
722 1202 870 1251 superior
883 1200 929 1236 est
940 1203 1047 1248 Papa?
1060 1198 1138 1234 Imo

303 1287 308 1295 .
344 1259 428 1308 quid
441 1258 576 1293 illicum
593 1254 723 1303 legibus
739 1255 753 1286 ?
780 1255 827 1288 At
848 1249 1016 1285 maiestate
1030 1248 1138 1285 Caesa-

346 1311 389 1345 ris
401 1308 581 1355 indignum
593 1304 758 1340 &decreto
780 1299 957 1337 discedere.
984 1299 1067 1334 Satis
1079 1298 1138 1338 est,

345 1356 441 1407 qudd
452 1357 565 1391 omnis
578 1352 754 1402 turpitudo
776 1354 870 1398 Papae
888 1348 1059 1385 sanctitate
1078 1347 1140 1383 ab-

346 1407 512 1456 stergitur.
536 1407 584 1440 At
593 1401 786 1438 confectum
797 1399 843 1435 est
862 1399 1025 1447 diploma.
1037 1395 1141 1446 Qasr

349 1458 433 1492 vero
445 1467 514 1490 non
525 1452 686 1488 omnibus
698 1450 891 1497 diplomatis
911 1447 1087 1483 abolendis
1100 1458 1141 1482 v-

348 1519 392 1542 na
401 1509 494 1554 Papae
505 1502 671 1539 absolutio
684 1498 887 1541 sufficiat-Sic
898 1497 1035 1545 quidem
1046 1507 1142 1532 ante-

349 1555 515 1604 hacagere
526 1552 664 1589 solebat.
693 1551 798 1587 Cuius
817 1548 864 1583 rei
885 1546 1012 1596 insigne
1035 1546 1141 1583 docu-

351 1616 504 1642 mentum
517 1601 563 1638 est
573 1604 715 1637 Ioannes
727 1596 863 1636 Huffius
874 1621 884 1638 ‚
895 1610 996 1645 quem
1011 1598 1143 1633 Roma-

316 1673 320 1675 -
352 1653 468 1693 nenses
486 1651 553 1689 fide
583 1651 716 1701 publica
738 1646 971 1687 Constantiam
995 1646 1144 1688 illectum

1137 690 1140 694 .
1181 659 1242 695 effe
1250 658 1411 694 haereticis
1423 658 1610 693 seruandam
1623 657 1734 693 fidem.

1171 218 1347 253 crudeliter
1362 226 1529 252 necarunt.
1565 214 1688 250 Aderat
1710 216 1892 262 Imperator
1905 219 1955 253 Si-

1173 267 1386 316 gismunduS,
1410 266 1568 299 mansueti
1583 265 1708 312 ingenij
1729 277 1902 312 princeps,
1922 280 1957 302 ac

1175 315 1316 352 minime
1330 313 1565 362 sanguinarius,
1579 354 1581 357 .
1594 315 1684 348 Cum
1699 312 1759 347 fibi
1769 326 1804 348 ac
1816 315 1958 349 totilin-

1176 366 1269 413 perio
1281 365 1504 411 turpissimum
1518 363 1652 398 duceret
1663 385 1672 402 ‚
1693 375 1791 410 quem
1813 364 1847 397 in
1860 362 1960 399 fidem

1175 412 1380 460 tutelamque
1401 411 1487 447 suam
1508 422 1673 459 receperat
1693 435 1702 451 ‚
1728 412 1762 445 in
1785 410 1962 459 conschtir

1177 463 1248 503 sue,
1261 462 1413 510 adeoque
1424 474 1460 496 ex
1474 462 1694 509 proteffionis
1710 460 1768 495 suae
1781 460 1964 508 praesidio&

1178 510 1330 547 carnifice
1349 511 1389 546 ad
1407 521 1550 546 mortem
1569 512 1659 558 rapi,
1681 522 1715 545 ac
1734 521 1800 545 tam
1822 509 1963 544 barbarae

1179 562 1382 596 immanitati
1394 570 1456 607 'pro
1468 561 1556 594 virili
1568 560 1785 594 intercederet
1798 582 1809 599 ‚
1822 571 1965 606 compo-—

1181 610 1279 646 situm
1293 609 1310 644 ὲ
1322 609 1438 644 sanetis
1452 609 1598 656 patribus
1610 607 1671 643 fuit
1691 609 1858 643 decretum
1869 636 1879 652 ‚
1896 621 1965 642 non

1739 660 1820 706 Qo
1831 656 1966 692 liberata

1181 710 1279 744 omni
1289 709 1453 757 religione
1464 706 1525 751 suit
1537 706 1670 742 Caesaris
1682 705 1965 746 conscientiastius

1181 768 1292 793 autem
1319 757 1515 792 verecundia
1534 762 1567 793 &
1587 757 1773 804 ingenuitas
1787 754 1888 790 derisa
1907 755 1966 797 est,

1182 807 1276 855 quod
1289 805 1349 842 fibi
1358 808 1375 842 a
1385 806 1512 841 violatae
1523 816 1578 841 aut
1588 805 1697 840 saltem
1711 805 1868 854 negleffle
1888 803 1968 840 fidei

1183 856 1310 905 probro
1322 855 1430 891 adhuc
1441 865 1599 890 metueret
1611 869 1619 889 ε
1630 853 1682 889 sed
1701 855 1761 888 alia
1772 866 1858 888 nunc
1869 853 1913 889 est
1924 865 1970 888 ae-

1184 916 1243 941 tas.
1273 905 1421 940 Mundus
1431 905 1488 953 qui
1500 915 1578 940 tunc
1589 915 1691 939 caecus
1700 914 1766 938 erat
1778 927 1789 944 ,
1799 903 1970 938 oculos-a-

1184 952 1443 1003 peruit-Residet
1455 956 1637 989 etiamnum
1650 954 1683 987 in
1698 953 1816 987 animis
1827 953 1972 987 Germa-

1185 1016 1308 1039 norum
1322 1014 1419 1038 tantae
1428 1001 1586 1038 foeditatis
1603 1002 1788 1037 recordatio
1800 1013 1894 1049 ,quae
1914 1013 1972 1036 eos

1185 1052 1258 1088 satis
1270 1053 1430 1087 admonet
1440 1077 1449 1091 ‚
1460 1065 1500 1087 ne
1513 1051 1543 1086 se
1561 1052 1701 1099 amplius
1711 1049 1973 1086 Romanenfium

1186 1102 1333 1150 perfidiae
1344 1102 1485 1136 comites
1495 1101 1689 1149 adiungant.
1711 1099 1891 1135 Praesertim
1912 1111 1973 1135 ve-

1186 1152 1225 1186 ro
1234 1152 1262 1186 is
1275 1150 1320 1186 est
1340 1150 1446 1187 Caesar
1461 1174 1472 1191 ,
1490 1150 1548 1198 qui
1566 1151 1687 1185 famam
1707 1147 1972 1198 dignitatemque
2026 1154 2044 1158 “’

1188 1199 1275 1236 suam
1287 1223 1298 1242 ,
1311 1211 1348 1235 vt
1358 1199 1512 1235 Frenefio
1535 1200 1702 1247 mancipet
1713 1221 1723 1238 ,
1746 1199 1865 1234 adduci
1883 1211 1974 1233 nun-

1188 1262 1288 1298 quam
1312 1250 1449 1298 poterit.
1475 1250 1601 1289 Scitur,
1614 1248 1746 1297 quoties
1762 1248 1801 1283 ad
1818 1247 1974 1283 saeuitiam

1189 1299 1362 1348 instigatus
1387 1297 1485 1334 fuerit
1506 1297 1547 1333 ab
1563 1298 1623 1333 isto
1634 1300 1749 1333 Satana
1759 1322 1768 1338 ,
1782 1296 1903 1345 quibus
1912 1296 1974 1332 fla-

1189 1348 1285 1384 bellis
1297 1345 1395 1383 fuerit
1408 1345 1779 1383 incitatus.c0nstanter
1788 1358 1900 1382 tamen
1910 1345 1977 1381 ste—

1190 1399 1230 1434 tit
1240 1399 1273 1433 in
1287 1397 1461 1446 proposito
1472 1421 1483 1436 ‚
1494 1408 1530 1432 vt
1538 1396 1607 1432 haec
1617 1409 1681 1431 vna
1693 1395 1731 1430 sit
1743 1408 1780 1430 ex
1790 1396 1901 1430 multis
1909 1396 1979 1429 eius

1190 1448 1347 1497 praeclaris
1359 1452 1392 1484 δι
1405 1446 1548 1482 heroicis
1566 1444 1745 1482 virtutibus
1760 1443 1902 1480 maxime
1917 1444 1980 1479 ad-

1191 1497 1371 1534 miratione
1382 1495 1501 1545 digna,
1523 1495 1617 1544 quod
1638 1496 1723 1534 inter
1743 1494 1820 1529 istos
1841 1492 1978 1541 Imperii

1191 1558 1487 1594 motus‚nunquam
1496 1545 1528 1580 se
1537 1555 1592 1580 aut
1600 1544 1619 1580 ὲ
1630 1543 1861 1580 moderatione
1871 1547 1903 1579 δι
1914 1542 1980 1577 cle.

1191 1597 1409 1682 ιῃῗὶιτίῗηιιῑ
1420 1595 1439 1632 a
1450 1594 1531 1632 fidei
1549 1593 1610 1631 suae
1628 1594 1793 1643 religione
1812 1592 1979 1629 dimoueri

1193 1658 1234 1695 pa
1261 1657 1297 1684 us
1322 1656 1416 1682 uerit.

1789 1760 1824 1796 A
1841 1758 1876 1797 R
1891 1731 1980 1807 τί,
