<?xml version="1.0" encoding="UTF-8"?>
<!DOCTYPE html PUBLIC "-//W3C//DTD XHTML 1.0 Transitional//EN"
    "http://www.w3.org/TR/xhtml1/DTD/xhtml1-transitional.dtd">
<html xmlns="http://www.w3.org/1999/xhtml" xml:lang="en" lang="en">
 <head>
  <title>
</title>
<meta http-equiv="Content-Type" content="text/html;charset=utf-8" />
  <meta name='ocr-system' content='tesseract 3.04.00' />
  <meta name='ocr-capabilities' content='ocr_page ocr_carea ocr_par ocr_line ocrx_word'/>
</head>
<body>
  <div class='ocr_page' id='page_1' title='image "./ioanniscalvinitr00calv_0040.png"; bbox 0 0 2113 3674; ppageno 0'>
   <div class='ocr_carea' id='block_1_1' title="bbox 127 2161 242 2237">
    <p class='ocr_par' dir='ltr' id='par_1_1' title="bbox 127 2161 242 2237">
     <span class='ocr_line' id='line_1_1' title="bbox 127 2161 242 2202; baseline 0 -13"><span class='ocrx_word' id='word_1_1' title='bbox 127 2161 242 2202; x_wconf 45' lang='lat' dir='ltr'>Psalmo..</span> 
     </span>
     <span class='ocr_line' id='line_1_2' title="bbox 129 2205 242 2237; baseline -0.018 -5"><span class='ocrx_word' id='word_1_2' title='bbox 129 2212 152 2234; x_wconf 76' lang='grc' dir='ltr'>ι,</span> <span class='ocrx_word' id='word_1_3' title='bbox 162 2207 195 2235; x_wconf 62' lang='grc' dir='ltr'><em>Ψ</em></span> <span class='ocrx_word' id='word_1_4' title='bbox 204 2205 242 2237; x_wconf 84' lang='grc' dir='ltr'>8ς.</span> 
     </span>
    </p>
   </div>
   <div class='ocr_carea' id='block_1_2' title="bbox 129 2248 242 2311">
    <p class='ocr_par' dir='ltr' id='par_1_2' title="bbox 129 2248 242 2311">
     <span class='ocr_line' id='line_1_3' title="bbox 129 2248 242 2277; baseline -0.009 -7"><span class='ocrx_word' id='word_1_5' title='bbox 129 2248 242 2277; x_wconf 50' lang='grc' dir='ltr'><strong>ἣρως.</strong></span> 
     </span>
     <span class='ocr_line' id='line_1_4' title="bbox 130 2285 162 2311; baseline -0.031 0"><span class='ocrx_word' id='word_1_6' title='bbox 130 2285 162 2311; x_wconf 82' lang='lat'>16</span> 
     </span>
    </p>
   </div>
   <div class='ocr_carea' id='block_1_3' title="bbox 244 182 1047 1988">
    <p class='ocr_par' dir='ltr' id='par_1_3' title="bbox 244 182 1034 328">
     <span class='ocr_line' id='line_1_5' title="bbox 244 182 286 216; baseline -0.048 0"><span class='ocrx_word' id='word_1_7' title='bbox 244 182 286 216; x_wconf 86' lang='lat'>26</span> 
     </span>
     <span class='ocr_line' id='line_1_6' title="bbox 255 220 1034 290; baseline -0.03 -15"><span class='ocrx_word' id='word_1_8' title='bbox 255 249 377 290; x_wconf 84' lang='lat' dir='ltr'>gentur</span> <span class='ocrx_word' id='word_1_9' title='bbox 391 236 459 271; x_wconf 80' lang='lat' dir='ltr'>dies</span> <span class='ocrx_word' id='word_1_10' title='bbox 471 236 520 269; x_wconf 84' lang='lat' dir='ltr'>tui</span> <span class='ocrx_word' id='word_1_11' title='bbox 532 230 625 279; x_wconf 82' lang='lat' dir='ltr'>super</span> <span class='ocrx_word' id='word_1_12' title='bbox 634 237 752 262; x_wconf 82' lang='lat' dir='ltr'>terram</span> <span class='ocrx_word' id='word_1_13' title='bbox 765 246 775 264; x_wconf 87' lang='lat'><strong>,</strong></span> <span class='ocrx_word' id='word_1_14' title='bbox 791 234 892 270; x_wconf 86' lang='lat' dir='ltr'>quam</span> <span class='ocrx_word' id='word_1_15' title='bbox 902 220 1034 255; x_wconf 80' lang='lat' dir='ltr'>daturus</span> 
     </span>
     <span class='ocr_line' id='line_1_7' title="bbox 252 281 767 328; baseline -0.035 -4"><span class='ocrx_word' id='word_1_16' title='bbox 252 289 300 324; x_wconf 91' lang='lat' dir='ltr'>est</span> <span class='ocrx_word' id='word_1_17' title='bbox 313 287 375 321; x_wconf 87' lang='lat' dir='ltr'>tibi</span> <span class='ocrx_word' id='word_1_18' title='bbox 388 286 559 328; x_wconf 80' lang='lat' dir='ltr'>Dominus</span> <span class='ocrx_word' id='word_1_19' title='bbox 576 281 668 314; x_wconf 87' lang='lat' dir='ltr'>Deus</span> <span class='ocrx_word' id='word_1_20' title='bbox 680 285 767 310; x_wconf 78' lang='lat' dir='ltr'>tuus-</span> 
     </span>
    </p>

    <p class='ocr_par' dir='ltr' id='par_1_4' title="bbox 301 331 1015 380">
     <span class='ocr_line' id='line_1_8' title="bbox 301 331 1015 380; baseline -0.034 -8"><span class='ocrx_word' id='word_1_21' title='bbox 301 337 354 371; x_wconf 91' lang='lat' dir='ltr'>M.</span> <span class='ocrx_word' id='word_1_22' title='bbox 378 336 463 380; x_wconf 80' lang='lat' dir='ltr'>Qis</span> <span class='ocrx_word' id='word_1_23' title='bbox 473 331 593 366; x_wconf 80' lang='lat' dir='ltr'>sensus?</span> <span class='ocrx_word' id='word_1_24' title='bbox 729 372 735 378; x_wconf 39' lang='grc' dir='ltr'>ι</span> <span class='ocrx_word' id='word_1_25' title='bbox 917 367 925 375; x_wconf 30' lang='lat'>⁶</span> <span class='ocrx_word' id='word_1_26' title='bbox 1008 364 1015 371; x_wconf 48' lang='grc'><em>·</em></span> 
     </span>
    </p>

    <p class='ocr_par' dir='ltr' id='par_1_5' title="bbox 251 364 1038 480">
     <span class='ocr_line' id='line_1_9' title="bbox 297 364 1038 420; baseline -0.031 1"><span class='ocrx_word' id='word_1_27' title='bbox 297 389 335 420; x_wconf 86' lang='grc' dir='ltr'><strong>Ρ.</strong></span> <span class='ocrx_word' id='word_1_28' title='bbox 366 385 435 420; x_wconf 91' lang='lat' dir='ltr'>Diu</span> <span class='ocrx_word' id='word_1_29' title='bbox 448 378 613 415; x_wconf 71' lang='lat' dir='ltr'>beneficio</span> <span class='ocrx_word' id='word_1_30' title='bbox 627 373 693 408; x_wconf 89' lang='lat' dir='ltr'>Dei</span> <span class='ocrx_word' id='word_1_31' title='bbox 704 371 928 416; x_wconf 62' lang='lat' dir='ltr'>v1&amp;uros,qui</span> <span class='ocrx_word' id='word_1_32' title='bbox 939 364 1038 401; x_wconf 78' lang='lat' dir='ltr'>debi-</span> 
     </span>
     <span class='ocr_line' id='line_1_10' title="bbox 251 418 1006 480; baseline -0.03 -9"><span class='ocrx_word' id='word_1_33' title='bbox 251 443 323 471; x_wconf 83' lang='lat' dir='ltr'>tum</span> <span class='ocrx_word' id='word_1_34' title='bbox 337 429 528 480; x_wconf 83' lang='lat' dir='ltr'>parentibus</span> <span class='ocrx_word' id='word_1_35' title='bbox 540 427 706 460; x_wconf 84' lang='lat' dir='ltr'>honorem</span> <span class='ocrx_word' id='word_1_36' title='bbox 718 418 942 468; x_wconf 85' lang='lat' dir='ltr'>praestiterint.</span> <span class='ocrx_word' id='word_1_37' title='bbox 982 463 988 470; x_wconf 47' lang='grc'><strong><em>.</em></strong></span> <span class='ocrx_word' id='word_1_38' title='bbox 1004 465 1006 467; x_wconf 26' lang='grc' dir='ltr'>Ι</span> 
     </span>
    </p>

    <p class='ocr_par' dir='ltr' id='par_1_6' title="bbox 250 465 1040 625">
     <span class='ocr_line' id='line_1_11' title="bbox 300 465 1035 517; baseline -0.029 0"><span class='ocrx_word' id='word_1_39' title='bbox 300 483 351 517; x_wconf 88' lang='grc' dir='ltr'><strong>Μ.</strong></span> <span class='ocrx_word' id='word_1_40' title='bbox 373 488 388 514; x_wconf 62' lang='lat' dir='ltr'>k</span> <span class='ocrx_word' id='word_1_41' title='bbox 405 480 462 514; x_wconf 74' lang='lat' dir='ltr'>um</span> <span class='ocrx_word' id='word_1_42' title='bbox 474 487 526 511; x_wconf 82' lang='lat' dir='ltr'>tot</span> <span class='ocrx_word' id='word_1_43' title='bbox 538 472 691 507; x_wconf 76' lang='lat' dir='ltr'>aerumnis</span> <span class='ocrx_word' id='word_1_44' title='bbox 702 467 818 504; x_wconf 87' lang='lat' dir='ltr'>referta</span> <span class='ocrx_word' id='word_1_45' title='bbox 829 466 866 502; x_wconf 79' lang='lat' dir='ltr'>sit</span> <span class='ocrx_word' id='word_1_46' title='bbox 879 465 947 500; x_wconf 80' lang='lat' dir='ltr'>haec</span> <span class='ocrx_word' id='word_1_47' title='bbox 957 468 1035 497; x_wconf 61' lang='lat' dir='ltr'>via:</span> 
     </span>
     <span class='ocr_line' id='line_1_12' title="bbox 250 514 1040 571; baseline -0.029 -3"><span class='ocrx_word' id='word_1_48' title='bbox 250 544 309 568; x_wconf 82' lang='lat' dir='ltr'>cur</span> <span class='ocrx_word' id='word_1_49' title='bbox 320 527 474 571; x_wconf 79' lang='lat' dir='ltr'>beneficij</span> <span class='ocrx_word' id='word_1_50' title='bbox 486 525 562 558; x_wconf 83' lang='lat' dir='ltr'>loco</span> <span class='ocrx_word' id='word_1_51' title='bbox 574 546 585 562; x_wconf 88' lang='lat'>,</span> <span class='ocrx_word' id='word_1_52' title='bbox 601 522 736 568; x_wconf 88' lang='lat' dir='ltr'>longam</span> <span class='ocrx_word' id='word_1_53' title='bbox 746 518 817 553; x_wconf 84' lang='lat' dir='ltr'>eius</span> <span class='ocrx_word' id='word_1_54' title='bbox 828 514 1040 551; x_wconf 82' lang='lat' dir='ltr'>durationem</span> 
     </span>
     <span class='ocr_line' id='line_1_13' title="bbox 251 572 1008 625; baseline -0.03 -8"><span class='ocrx_word' id='word_1_55' title='bbox 251 579 353 617; x_wconf 84' lang='lat' dir='ltr'>nobis</span> <span class='ocrx_word' id='word_1_56' title='bbox 368 577 543 625; x_wconf 80' lang='lat' dir='ltr'>pollicetur</span> <span class='ocrx_word' id='word_1_57' title='bbox 557 572 669 606; x_wconf 80' lang='lat' dir='ltr'>Deus?</span> <span class='ocrx_word' id='word_1_58' title='bbox 763 616 783 623; x_wconf 49' lang='grc' dir='ltr'>Η</span> <span class='ocrx_word' id='word_1_59' title='bbox 1001 610 1008 617; x_wconf 40' lang='grc'><strong>.</strong></span> 
     </span>
    </p>

    <p class='ocr_par' dir='ltr' id='par_1_7' title="bbox 250 610 1047 858">
     <span class='ocr_line' id='line_1_14' title="bbox 302 610 1041 671; baseline -0.026 -9"><span class='ocrx_word' id='word_1_60' title='bbox 302 632 336 663; x_wconf 86' lang='grc' dir='ltr'><strong>Ρ.</strong></span> <span class='ocrx_word' id='word_1_61' title='bbox 371 620 647 671; x_wconf 81' lang='lat' dir='ltr'>Qntiscunque</span> <span class='ocrx_word' id='word_1_62' title='bbox 663 617 802 654; x_wconf 82' lang='lat' dir='ltr'>miserus</span> <span class='ocrx_word' id='word_1_63' title='bbox 822 612 861 648; x_wconf 78' lang='lat' dir='ltr'>sit</span> <span class='ocrx_word' id='word_1_64' title='bbox 881 610 1041 646; x_wconf 74' lang='lat' dir='ltr'>obnoxia:</span> 
     </span>
     <span class='ocr_line' id='line_1_15' title="bbox 251 659 1044 714; baseline -0.026 -2"><span class='ocrx_word' id='word_1_65' title='bbox 251 679 320 713; x_wconf 85' lang='lat' dir='ltr'>Dei</span> <span class='ocrx_word' id='word_1_66' title='bbox 339 686 448 710; x_wconf 87' lang='lat' dir='ltr'>tamen</span> <span class='ocrx_word' id='word_1_67' title='bbox 465 668 658 705; x_wconf 73' lang='lat' dir='ltr'>benediffio</span> <span class='ocrx_word' id='word_1_68' title='bbox 678 666 725 702; x_wconf 89' lang='lat' dir='ltr'>est</span> <span class='ocrx_word' id='word_1_69' title='bbox 737 676 816 712; x_wconf 87' lang='lat' dir='ltr'>erga</span> <span class='ocrx_word' id='word_1_70' title='bbox 839 661 974 700; x_wconf 82' lang='lat' dir='ltr'>fideles,</span> <span class='ocrx_word' id='word_1_71' title='bbox 990 659 1044 714; x_wconf 79' lang='lat' dir='ltr'>vel</span> 
     </span>
     <span class='ocr_line' id='line_1_16' title="bbox 251 707 1045 765; baseline -0.026 -4"><span class='ocrx_word' id='word_1_72' title='bbox 251 725 311 761; x_wconf 84' lang='lat' dir='ltr'>hac</span> <span class='ocrx_word' id='word_1_73' title='bbox 324 736 387 758; x_wconf 90' lang='lat' dir='ltr'>vna</span> <span class='ocrx_word' id='word_1_74' title='bbox 400 723 440 757; x_wconf 91' lang='lat' dir='ltr'>de</span> <span class='ocrx_word' id='word_1_75' title='bbox 450 719 540 755; x_wconf 86' lang='lat' dir='ltr'>causa</span> <span class='ocrx_word' id='word_1_76' title='bbox 560 741 570 758; x_wconf 89' lang='lat'>,</span> <span class='ocrx_word' id='word_1_77' title='bbox 586 716 686 765; x_wconf 70' lang='lat' dir='ltr'>quod</span> <span class='ocrx_word' id='word_1_78' title='bbox 697 712 826 763; x_wconf 87' lang='lat' dir='ltr'>paterni</span> <span class='ocrx_word' id='word_1_79' title='bbox 836 711 903 745; x_wconf 88' lang='lat' dir='ltr'>eius</span> <span class='ocrx_word' id='word_1_80' title='bbox 920 707 1045 744; x_wconf 67' lang='lat' dir='ltr'>fauoris</span> 
     </span>
     <span class='ocr_line' id='line_1_17' title="bbox 251 760 1047 823; baseline -0.024 -14"><span class='ocrx_word' id='word_1_81' title='bbox 251 783 485 823; x_wconf 84' lang='lat' dir='ltr'>argumentum</span> <span class='ocrx_word' id='word_1_82' title='bbox 495 768 541 804; x_wconf 84' lang='lat' dir='ltr'>est</span> <span class='ocrx_word' id='word_1_83' title='bbox 553 791 564 808; x_wconf 87' lang='lat'><strong>,</strong></span> <span class='ocrx_word' id='word_1_84' title='bbox 593 767 674 802; x_wconf 85' lang='lat' dir='ltr'>dum</span> <span class='ocrx_word' id='word_1_85' title='bbox 692 776 750 799; x_wconf 90' lang='lat' dir='ltr'>eos</span> <span class='ocrx_word' id='word_1_86' title='bbox 763 761 818 797; x_wconf 74' lang='lat' dir='ltr'>hic</span> <span class='ocrx_word' id='word_1_87' title='bbox 835 760 893 794; x_wconf 77' lang='lat' dir='ltr'>alit</span> <span class='ocrx_word' id='word_1_88' title='bbox 911 763 945 795; x_wconf 91' lang='lat'>&amp;</span> <span class='ocrx_word' id='word_1_89' title='bbox 961 770 1047 792; x_wconf 86' lang='lat' dir='ltr'>con-</span> 
     </span>
     <span class='ocr_line' id='line_1_18' title="bbox 250 822 365 858; baseline -0.035 0"><span class='ocrx_word' id='word_1_90' title='bbox 250 822 365 858; x_wconf 86' lang='lat' dir='ltr'>seruat.</span> 
     </span>
    </p>

    <p class='ocr_par' dir='ltr' id='par_1_8' title="bbox 252 855 1047 1010">
     <span class='ocr_line' id='line_1_19' title="bbox 303 855 1046 916; baseline -0.024 -9"><span class='ocrx_word' id='word_1_91' title='bbox 303 872 352 907; x_wconf 91' lang='grc' dir='ltr'><strong>Μ.</strong></span> <span class='ocrx_word' id='word_1_92' title='bbox 377 863 603 916; x_wconf 70' lang='lat' dir='ltr'>Sequitur-nee</span> <span class='ocrx_word' id='word_1_93' title='bbox 620 857 782 898; x_wconf 87' lang='lat' dir='ltr'>conuerso</span> <span class='ocrx_word' id='word_1_94' title='bbox 804 870 880 893; x_wconf 88' lang='lat' dir='ltr'>eum</span> <span class='ocrx_word' id='word_1_95' title='bbox 902 857 961 905; x_wconf 83' lang='lat' dir='ltr'>qui</span> <span class='ocrx_word' id='word_1_96' title='bbox 977 855 1046 891; x_wconf 69' lang='lat' dir='ltr'>tito</span> 
     </span>
     <span class='ocr_line' id='line_1_20' title="bbox 252 906 1047 959; baseline -0.024 -2"><span class='ocrx_word' id='word_1_97' title='bbox 252 925 368 959; x_wconf 79' lang='lat' dir='ltr'>&amp;ante</span> <span class='ocrx_word' id='word_1_98' title='bbox 381 916 496 952; x_wconf 83' lang='lat' dir='ltr'>iustam</span> <span class='ocrx_word' id='word_1_99' title='bbox 507 925 636 949; x_wconf 86' lang='lat' dir='ltr'>aetatem</span> <span class='ocrx_word' id='word_1_100' title='bbox 658 924 696 947; x_wconf 81' lang='lat' dir='ltr'>ex</span> <span class='ocrx_word' id='word_1_101' title='bbox 713 909 778 943; x_wconf 88' lang='lat' dir='ltr'>hoc</span> <span class='ocrx_word' id='word_1_102' title='bbox 793 908 924 942; x_wconf 89' lang='lat' dir='ltr'>mundo</span> <span class='ocrx_word' id='word_1_103' title='bbox 942 906 1047 953; x_wconf 86' lang='lat' dir='ltr'>eripi-</span> 
     </span>
     <span class='ocr_line' id='line_1_21' title="bbox 252 956 761 1010; baseline -0.029 -3"><span class='ocrx_word' id='word_1_104' title='bbox 252 982 318 1010; x_wconf 89' lang='lat' dir='ltr'>tur,</span> <span class='ocrx_word' id='word_1_105' title='bbox 327 970 346 1005; x_wconf 71' lang='grc' dir='ltr'>ὲ</span> <span class='ocrx_word' id='word_1_106' title='bbox 359 969 438 1003; x_wconf 83' lang='lat' dir='ltr'>Deo</span> <span class='ocrx_word' id='word_1_107' title='bbox 455 963 672 1001; x_wconf 64' lang='lat' dir='ltr'>maledistum</span> <span class='ocrx_word' id='word_1_108' title='bbox 684 956 761 995; x_wconf 79' lang='lat' dir='ltr'>eise?</span> 
     </span>
    </p>

    <p class='ocr_par' dir='ltr' id='par_1_9' title="bbox 253 1004 1046 1160">
     <span class='ocr_line' id='line_1_22' title="bbox 300 1004 1046 1059; baseline -0.024 -5"><span class='ocrx_word' id='word_1_109' title='bbox 300 1022 337 1054; x_wconf 88' lang='lat' dir='ltr'>P.</span> <span class='ocrx_word' id='word_1_110' title='bbox 366 1014 524 1052; x_wconf 75' lang='lat' dir='ltr'>Minime.</span> <span class='ocrx_word' id='word_1_111' title='bbox 545 1013 642 1059; x_wconf 82' lang='lat' dir='ltr'>Qn</span> <span class='ocrx_word' id='word_1_112' title='bbox 661 1009 774 1057; x_wconf 86' lang='lat' dir='ltr'>potius</span> <span class='ocrx_word' id='word_1_113' title='bbox 797 1005 919 1041; x_wconf 84' lang='lat' dir='ltr'>accidit</span> <span class='ocrx_word' id='word_1_114' title='bbox 940 1004 1046 1038; x_wconf 88' lang='lat' dir='ltr'>inter-</span> 
     </span>
     <span class='ocr_line' id='line_1_23' title="bbox 253 1053 1039 1113; baseline -0.023 -9"><span class='ocrx_word' id='word_1_115' title='bbox 253 1069 331 1104; x_wconf 88' lang='lat' dir='ltr'>durn</span> <span class='ocrx_word' id='word_1_116' title='bbox 339 1091 350 1108; x_wconf 84' lang='lat'><em>‚</em></span> <span class='ocrx_word' id='word_1_117' title='bbox 360 1077 397 1101; x_wconf 91' lang='lat' dir='ltr'>vt</span> <span class='ocrx_word' id='word_1_118' title='bbox 406 1064 476 1113; x_wconf 75' lang='lat' dir='ltr'>quo</span> <span class='ocrx_word' id='word_1_119' title='bbox 488 1061 627 1111; x_wconf 80' lang='lat' dir='ltr'>quisque</span> <span class='ocrx_word' id='word_1_120' title='bbox 638 1057 744 1107; x_wconf 84' lang='lat' dir='ltr'>magis</span> <span class='ocrx_word' id='word_1_121' title='bbox 758 1055 909 1104; x_wconf 79' lang='lat' dir='ltr'>diligitur</span> <span class='ocrx_word' id='word_1_122' title='bbox 918 1053 936 1089; x_wconf 70' lang='lat' dir='ltr'>a</span> <span class='ocrx_word' id='word_1_123' title='bbox 947 1055 1039 1094; x_wconf 85' lang='lat' dir='ltr'>Deo,</span> 
     </span>
     <span class='ocr_line' id='line_1_24' title="bbox 253 1105 960 1160; baseline -0.027 -7"><span class='ocrx_word' id='word_1_124' title='bbox 253 1117 295 1153; x_wconf 78' lang='grc' dir='ltr'>εὸ</span> <span class='ocrx_word' id='word_1_125' title='bbox 307 1117 402 1152; x_wconf 88' lang='lat' dir='ltr'>citius</span> <span class='ocrx_word' id='word_1_126' title='bbox 417 1113 595 1160; x_wconf 79' lang='lat' dir='ltr'>recipiatur</span> <span class='ocrx_word' id='word_1_127' title='bbox 606 1121 644 1143; x_wconf 91' lang='lat' dir='ltr'>ex</span> <span class='ocrx_word' id='word_1_128' title='bbox 654 1106 714 1142; x_wconf 86' lang='lat' dir='ltr'>hac</span> <span class='ocrx_word' id='word_1_129' title='bbox 727 1105 806 1140; x_wconf 88' lang='lat' dir='ltr'>vita.</span> <span class='ocrx_word' id='word_1_130' title='bbox 953 1151 960 1158; x_wconf 32' lang='lat'><strong>⁹</strong></span> 
     </span>
    </p>

    <p class='ocr_par' dir='ltr' id='par_1_10' title="bbox 254 1148 1046 1251">
     <span class='ocr_line' id='line_1_25' title="bbox 301 1148 1046 1211; baseline -0.024 -9"><span class='ocrx_word' id='word_1_131' title='bbox 301 1167 353 1202; x_wconf 90' lang='lat' dir='ltr'>M.</span> <span class='ocrx_word' id='word_1_132' title='bbox 373 1160 538 1211; x_wconf 82' lang='lat' dir='ltr'>Atqui‚s1c</span> <span class='ocrx_word' id='word_1_133' title='bbox 548 1155 839 1208; x_wconf 84' lang='lat' dir='ltr'>agendo,qualitet</span> <span class='ocrx_word' id='word_1_134' title='bbox 849 1148 1046 1201; x_wconf 80' lang='lat' dir='ltr'>promiffio-</span> 
     </span>
     <span class='ocr_line' id='line_1_26' title="bbox 254 1210 545 1251; baseline -0.031 1"><span class='ocrx_word' id='word_1_135' title='bbox 254 1217 291 1251; x_wconf 89' lang='lat' dir='ltr'>ni</span> <span class='ocrx_word' id='word_1_136' title='bbox 303 1213 362 1250; x_wconf 85' lang='lat' dir='ltr'>suae</span> <span class='ocrx_word' id='word_1_137' title='bbox 377 1210 545 1248; x_wconf 81' lang='lat' dir='ltr'>satisfacit?</span> 
     </span>
    </p>

    <p class='ocr_par' dir='ltr' id='par_1_11' title="bbox 252 1248 1045 1544">
     <span class='ocr_line' id='line_1_27' title="bbox 301 1248 1045 1310; baseline -0.023 -11"><span class='ocrx_word' id='word_1_138' title='bbox 301 1267 338 1299; x_wconf 91' lang='lat' dir='ltr'>P.</span> <span class='ocrx_word' id='word_1_139' title='bbox 358 1259 533 1310; x_wconf 80' lang='lat' dir='ltr'>Qicquid</span> <span class='ocrx_word' id='word_1_140' title='bbox 546 1255 644 1293; x_wconf 86' lang='lat' dir='ltr'>nobis</span> <span class='ocrx_word' id='word_1_141' title='bbox 661 1251 863 1288; x_wconf 88' lang='lat' dir='ltr'>terrestrium</span> <span class='ocrx_word' id='word_1_142' title='bbox 874 1248 1045 1284; x_wconf 86' lang='lat' dir='ltr'>bonorum</span> 
     </span>
     <span class='ocr_line' id='line_1_28' title="bbox 252 1300 1045 1360; baseline -0.021 -11"><span class='ocrx_word' id='word_1_143' title='bbox 252 1313 349 1349; x_wconf 87' lang='lat' dir='ltr'>Deus</span> <span class='ocrx_word' id='word_1_144' title='bbox 358 1310 528 1360; x_wconf 85' lang='lat' dir='ltr'>promittit</span> <span class='ocrx_word' id='word_1_145' title='bbox 539 1331 549 1347; x_wconf 94' lang='lat'>,</span> <span class='ocrx_word' id='word_1_146' title='bbox 566 1304 624 1341; x_wconf 91' lang='lat' dir='ltr'>sub</span> <span class='ocrx_word' id='word_1_147' title='bbox 635 1303 695 1338; x_wconf 88' lang='lat' dir='ltr'>hac</span> <span class='ocrx_word' id='word_1_148' title='bbox 706 1300 904 1337; x_wconf 86' lang='lat' dir='ltr'>conditione</span> <span class='ocrx_word' id='word_1_149' title='bbox 913 1300 1045 1345; x_wconf 84' lang='lat' dir='ltr'>accipe-</span> 
     </span>
     <span class='ocr_line' id='line_1_29' title="bbox 253 1349 1045 1405; baseline -0.023 -8"><span class='ocrx_word' id='word_1_150' title='bbox 253 1375 288 1396; x_wconf 86' lang='lat' dir='ltr'>re</span> <span class='ocrx_word' id='word_1_151' title='bbox 304 1360 481 1396; x_wconf 86' lang='lat' dir='ltr'>conuenit:</span> <span class='ocrx_word' id='word_1_152' title='bbox 495 1353 697 1405; x_wconf 87' lang='lat' dir='ltr'>quatenusin</span> <span class='ocrx_word' id='word_1_153' title='bbox 708 1351 837 1386; x_wconf 86' lang='lat' dir='ltr'>bonum</span> <span class='ocrx_word' id='word_1_154' title='bbox 849 1349 966 1386; x_wconf 84' lang='lat' dir='ltr'>animae</span> <span class='ocrx_word' id='word_1_155' title='bbox 979 1360 1045 1382; x_wconf 91' lang='lat' dir='ltr'>no-</span> 
     </span>
     <span class='ocr_line' id='line_1_30' title="bbox 252 1396 1044 1454; baseline -0.021 -8"><span class='ocrx_word' id='word_1_156' title='bbox 252 1410 323 1446; x_wconf 82' lang='lat' dir='ltr'>strae</span> <span class='ocrx_word' id='word_1_157' title='bbox 335 1435 344 1450; x_wconf 92' lang='lat'>,</span> <span class='ocrx_word' id='word_1_158' title='bbox 356 1409 557 1454; x_wconf 66' lang='lat' dir='ltr'>salutemque</span> <span class='ocrx_word' id='word_1_159' title='bbox 568 1403 711 1451; x_wconf 85' lang='lat' dir='ltr'>expedit.</span> <span class='ocrx_word' id='word_1_160' title='bbox 739 1398 826 1435; x_wconf 82' lang='lat' dir='ltr'>Effet</span> <span class='ocrx_word' id='word_1_161' title='bbox 843 1398 936 1432; x_wconf 90' lang='lat' dir='ltr'>enim</span> <span class='ocrx_word' id='word_1_162' title='bbox 957 1396 1044 1431; x_wconf 84' lang='lat' dir='ltr'>ordo</span> 
     </span>
     <span class='ocr_line' id='line_1_31' title="bbox 252 1445 1045 1506; baseline -0.02 -11"><span class='ocrx_word' id='word_1_163' title='bbox 252 1460 349 1494; x_wconf 88' lang='lat' dir='ltr'>valde</span> <span class='ocrx_word' id='word_1_164' title='bbox 363 1456 577 1506; x_wconf 67' lang='lat' dir='ltr'>praeposterus</span> <span class='ocrx_word' id='word_1_165' title='bbox 589 1477 600 1494; x_wconf 90' lang='lat'><strong>‚</strong></span> <span class='ocrx_word' id='word_1_166' title='bbox 619 1449 678 1487; x_wconf 86' lang='lat' dir='ltr'>nisi</span> <span class='ocrx_word' id='word_1_167' title='bbox 689 1449 816 1497; x_wconf 86' lang='lat' dir='ltr'>semper</span> <span class='ocrx_word' id='word_1_168' title='bbox 834 1445 1045 1481; x_wconf 78' lang='lat' dir='ltr'>antecederet</span> 
     </span>
     <span class='ocr_line' id='line_1_32' title="bbox 253 1507 845 1544; baseline -0.024 0"><span class='ocrx_word' id='word_1_169' title='bbox 253 1511 372 1544; x_wconf 84' lang='lat' dir='ltr'>animae</span> <span class='ocrx_word' id='word_1_170' title='bbox 385 1507 480 1542; x_wconf 88' lang='lat' dir='ltr'>ratio.</span> <span class='ocrx_word' id='word_1_171' title='bbox 842 1509 845 1514; x_wconf 31' lang='grc' dir='ltr'><strong>Δ</strong></span> 
     </span>
    </p>

    <p class='ocr_par' dir='ltr' id='par_1_12' title="bbox 253 1545 933 1646">
     <span class='ocr_line' id='line_1_33' title="bbox 302 1545 812 1604; baseline -0.029 -10"><span class='ocrx_word' id='word_1_172' title='bbox 302 1558 352 1592; x_wconf 92' lang='grc' dir='ltr'>Μ.</span> <span class='ocrx_word' id='word_1_173' title='bbox 367 1555 460 1604; x_wconf 79' lang='lat' dir='ltr'>Qd</span> <span class='ocrx_word' id='word_1_174' title='bbox 474 1556 514 1591; x_wconf 92' lang='lat' dir='ltr'>de</span> <span class='ocrx_word' id='word_1_175' title='bbox 522 1552 561 1587; x_wconf 88' lang='lat' dir='ltr'>iis</span> <span class='ocrx_word' id='word_1_176' title='bbox 575 1548 633 1598; x_wconf 91' lang='lat' dir='ltr'>qui</span> <span class='ocrx_word' id='word_1_177' title='bbox 644 1545 812 1596; x_wconf 71' lang='lat' dir='ltr'>paretibus</span> 
     </span>
     <span class='ocr_line' id='line_1_34' title="bbox 253 1609 933 1646; baseline -0.026 -3"><span class='ocrx_word' id='word_1_178' title='bbox 253 1609 416 1643; x_wconf 84' lang='lat' dir='ltr'>tumaces?</span> <span class='ocrx_word' id='word_1_179' title='bbox 893 1639 900 1646; x_wconf 26' lang='grc' dir='ltr'>Β</span> <span class='ocrx_word' id='word_1_180' title='bbox 925 1639 933 1646; x_wconf 43' lang='lat'><strong>·</strong></span> 
     </span>
    </p>

    <p class='ocr_par' dir='ltr' id='par_1_13' title="bbox 253 1639 1045 1901">
     <span class='ocr_line' id='line_1_35' title="bbox 303 1639 1045 1692; baseline -0.028 -1"><span class='ocrx_word' id='word_1_181' title='bbox 303 1659 340 1691; x_wconf 89' lang='lat' dir='ltr'>P.</span> <span class='ocrx_word' id='word_1_182' title='bbox 369 1655 498 1692; x_wconf 84' lang='lat' dir='ltr'>Nonin</span> <span class='ocrx_word' id='word_1_183' title='bbox 515 1658 663 1687; x_wconf 81' lang='lat' dir='ltr'>extremo</span> <span class='ocrx_word' id='word_1_184' title='bbox 675 1641 808 1680; x_wconf 74' lang='lat' dir='ltr'>tantum</span> <span class='ocrx_word' id='word_1_185' title='bbox 831 1639 959 1675; x_wconf 80' lang='lat' dir='ltr'>iudicio</span> <span class='ocrx_word' id='word_1_186' title='bbox 979 1651 1045 1687; x_wconf 77' lang='lat' dir='ltr'>pu,-</span> 
     </span>
     <span class='ocr_line' id='line_1_36' title="bbox 253 1693 1045 1747; baseline -0.027 -6"><span class='ocrx_word' id='word_1_187' title='bbox 253 1707 409 1741; x_wconf 86' lang='lat' dir='ltr'>nientur:</span> <span class='ocrx_word' id='word_1_188' title='bbox 428 1704 482 1739; x_wconf 92' lang='lat' dir='ltr'>sed</span> <span class='ocrx_word' id='word_1_189' title='bbox 502 1701 556 1737; x_wconf 78' lang='lat' dir='ltr'>hic</span> <span class='ocrx_word' id='word_1_190' title='bbox 566 1707 701 1747; x_wconf 88' lang='lat' dir='ltr'>quoque</span> <span class='ocrx_word' id='word_1_191' title='bbox 711 1693 747 1727; x_wconf 90' lang='lat' dir='ltr'>in</span> <span class='ocrx_word' id='word_1_192' title='bbox 769 1702 886 1726; x_wconf 85' lang='lat' dir='ltr'>eorum</span> <span class='ocrx_word' id='word_1_193' title='bbox 904 1700 1045 1736; x_wconf 81' lang='lat' dir='ltr'>corpora</span> 
     </span>
     <span class='ocr_line' id='line_1_37' title="bbox 253 1740 1044 1795; baseline -0.03 -4"><span class='ocrx_word' id='word_1_194' title='bbox 253 1757 348 1791; x_wconf 85' lang='lat' dir='ltr'>Deus</span> <span class='ocrx_word' id='word_1_195' title='bbox 369 1751 555 1789; x_wconf 81' lang='lat' dir='ltr'>vindicabit</span> <span class='ocrx_word' id='word_1_196' title='bbox 571 1774 580 1788; x_wconf 91' lang='lat'>‚</span> <span class='ocrx_word' id='word_1_197' title='bbox 598 1757 652 1782; x_wconf 85' lang='lat' dir='ltr'>aut</span> <span class='ocrx_word' id='word_1_198' title='bbox 675 1743 754 1778; x_wconf 85' lang='lat' dir='ltr'>hinc</span> <span class='ocrx_word' id='word_1_199' title='bbox 777 1751 896 1795; x_wconf 71' lang='lat' dir='ltr'>ornnes</span> <span class='ocrx_word' id='word_1_200' title='bbox 917 1740 1044 1794; x_wconf 59' lang='lat' dir='ltr'>tollen-</span> 
     </span>
     <span class='ocr_line' id='line_1_38' title="bbox 253 1793 1044 1840; baseline -0.028 1"><span class='ocrx_word' id='word_1_201' title='bbox 253 1805 299 1840; x_wconf 93' lang='lat' dir='ltr'>do</span> <span class='ocrx_word' id='word_1_202' title='bbox 320 1806 354 1838; x_wconf 85' lang='lat' dir='ltr'>in</span> <span class='ocrx_word' id='word_1_203' title='bbox 375 1803 488 1838; x_wconf 88' lang='lat' dir='ltr'>medio</span> <span class='ocrx_word' id='word_1_204' title='bbox 505 1798 607 1835; x_wconf 79' lang='lat' dir='ltr'>aetatis</span> <span class='ocrx_word' id='word_1_205' title='bbox 624 1793 707 1829; x_wconf 79' lang='lat' dir='ltr'>flore</span> <span class='ocrx_word' id='word_1_206' title='bbox 722 1814 733 1830; x_wconf 86' lang='lat'>,</span> <span class='ocrx_word' id='word_1_207' title='bbox 756 1800 811 1824; x_wconf 83' lang='lat' dir='ltr'>aut</span> <span class='ocrx_word' id='word_1_208' title='bbox 829 1799 1044 1838; x_wconf 80' lang='lat' dir='ltr'>ignominio-</span> 
     </span>
     <span class='ocr_line' id='line_1_39' title="bbox 253 1837 1045 1901; baseline -0.032 -10"><span class='ocrx_word' id='word_1_209' title='bbox 253 1848 296 1890; x_wconf 56' lang='lat' dir='ltr'>so&#39;</span> <span class='ocrx_word' id='word_1_210' title='bbox 312 1855 431 1888; x_wconf 83' lang='lat' dir='ltr'>mortis</span> <span class='ocrx_word' id='word_1_211' title='bbox 444 1862 565 1901; x_wconf 86' lang='lat' dir='ltr'>genere</span> <span class='ocrx_word' id='word_1_212' title='bbox 575 1841 753 1896; x_wconf 66' lang='lat' dir='ltr'>plestendo</span> <span class='ocrx_word' id='word_1_213' title='bbox 772 1861 782 1879; x_wconf 80' lang='lat'>‚</span> <span class='ocrx_word' id='word_1_214' title='bbox 802 1850 861 1873; x_wconf 81' lang='lat' dir='ltr'>aut</span> <span class='ocrx_word' id='word_1_215' title='bbox 881 1837 953 1872; x_wconf 83' lang='lat' dir='ltr'>aliis</span> <span class='ocrx_word' id='word_1_216' title='bbox 965 1849 1045 1873; x_wconf 77' lang='lat' dir='ltr'>mo-</span> 
     </span>
    </p>

    <p class='ocr_par' dir='ltr' id='par_1_14' title="bbox 253 1904 1046 1988">
     <span class='ocr_line' id='line_1_40' title="bbox 291 1915 901 1937; baseline -0.03 0"><span class='ocrx_word' id='word_1_217' title='bbox 291 1915 317 1937; x_wconf 88' lang='lat' dir='ltr'>s.</span> <span class='ocrx_word' id='word_1_218' title='bbox 898 1918 901 1919; x_wconf 13' lang='grc' dir='ltr'><em>γ</em></span> 
     </span>
     <span class='ocr_line' id='line_1_41' title="bbox 253 1904 1046 1988; baseline -0.029 3"><span class='ocrx_word' id='word_1_219' title='bbox 253 1904 288 1940; x_wconf 80' lang='lat' dir='ltr'>dl</span> <span class='ocrx_word' id='word_1_220' title='bbox 303 1953 354 1988; x_wconf 90' lang='grc' dir='ltr'>Μ.</span> <span class='ocrx_word' id='word_1_221' title='bbox 378 1949 522 1988; x_wconf 68' lang='lat' dir='ltr'>Verum,</span> <span class='ocrx_word' id='word_1_222' title='bbox 532 1946 649 1981; x_wconf 71' lang='lat' dir='ltr'>&#39;annon</span> <span class='ocrx_word' id='word_1_223' title='bbox 660 1940 702 1976; x_wconf 82' lang='lat' dir='ltr'>cle</span> <span class='ocrx_word' id='word_1_224' title='bbox 713 1949 798 1974; x_wconf 89' lang='lat' dir='ltr'>terra</span> <span class='ocrx_word' id='word_1_225' title='bbox 807 1936 967 1972; x_wconf 83' lang='lat' dir='ltr'>chanaan</span> <span class='ocrx_word' id='word_1_226' title='bbox 978 1947 1046 1971; x_wconf 88' lang='lat' dir='ltr'>no-</span> 
     </span>
    </p>
   </div>
   <div class='ocr_carea' id='block_1_4' title="bbox 254 1990 774 2047">
    <p class='ocr_par' dir='ltr' id='par_1_15' title="bbox 254 1990 774 2047">
     <span class='ocr_line' id='line_1_42' title="bbox 254 1990 774 2047; baseline -0.037 -8"><span class='ocrx_word' id='word_1_227' title='bbox 254 2001 410 2040; x_wconf 82' lang='lat' dir='ltr'>minatim</span> <span class='ocrx_word' id='word_1_228' title='bbox 423 1993 597 2047; x_wconf 81' lang='lat' dir='ltr'>promissio</span> <span class='ocrx_word' id='word_1_229' title='bbox 609 1990 774 2038; x_wconf 85' lang='lat' dir='ltr'>loquitur?</span> 
     </span>
    </p>
   </div>
   <div class='ocr_carea' id='block_1_5' title="bbox 826 1540 1042 1578">
    <p class='ocr_par' dir='ltr' id='par_1_16' title="bbox 826 1540 1042 1578">
     <span class='ocr_line' id='line_1_43' title="bbox 826 1540 1042 1578; baseline -0.014 0"><span class='ocrx_word' id='word_1_230' title='bbox 826 1540 948 1578; x_wconf 87' lang='lat' dir='ltr'>fuerint</span> <span class='ocrx_word' id='word_1_231' title='bbox 959 1553 1042 1577; x_wconf 85' lang='lat' dir='ltr'>con-</span> 
     </span>
    </p>
   </div>
   <div class='ocr_carea' id='block_1_6' title="bbox 304 2031 1091 2093">
    <p class='ocr_par' dir='ltr' id='par_1_17' title="bbox 304 2031 1091 2093">
     <span class='ocr_line' id='line_1_44' title="bbox 304 2031 1091 2093; baseline -0.022 -7"><span class='ocrx_word' id='word_1_232' title='bbox 304 2054 341 2086; x_wconf 93' lang='lat' dir='ltr'>P.</span> <span class='ocrx_word' id='word_1_233' title='bbox 375 2050 426 2084; x_wconf 88' lang='lat' dir='ltr'>Sic</span> <span class='ocrx_word' id='word_1_234' title='bbox 439 2047 496 2088; x_wconf 87' lang='lat' dir='ltr'>est,</span> <span class='ocrx_word' id='word_1_235' title='bbox 512 2052 674 2093; x_wconf 86' lang='lat' dir='ltr'>quantum</span> <span class='ocrx_word' id='word_1_236' title='bbox 686 2038 727 2073; x_wconf 88' lang='lat' dir='ltr'>ad</span> <span class='ocrx_word' id='word_1_237' title='bbox 739 2034 896 2071; x_wconf 81' lang='lat' dir='ltr'>Israelitas</span> <span class='ocrx_word' id='word_1_238' title='bbox 909 2031 1041 2082; x_wconf 62' lang='lat' dir='ltr'>specht:</span> <span class='ocrx_word' id='word_1_239' title='bbox 1088 2050 1091 2051; x_wconf 43' lang='lat'><em>⁷</em></span> 
     </span>
    </p>
   </div>
   <div class='ocr_carea' id='block_1_7' title="bbox 254 2088 1046 2292">
    <p class='ocr_par' dir='ltr' id='par_1_18' title="bbox 254 2088 1046 2292">
     <span class='ocr_line' id='line_1_45' title="bbox 254 2088 1046 2137; baseline -0.027 -1"><span class='ocrx_word' id='word_1_240' title='bbox 254 2111 286 2135; x_wconf 85' lang='lat' dir='ltr'>at</span> <span class='ocrx_word' id='word_1_241' title='bbox 299 2098 398 2134; x_wconf 88' lang='lat' dir='ltr'>nobis</span> <span class='ocrx_word' id='word_1_242' title='bbox 411 2098 476 2132; x_wconf 89' lang='lat' dir='ltr'>hoc</span> <span class='ocrx_word' id='word_1_243' title='bbox 489 2093 628 2132; x_wconf 86' lang='lat' dir='ltr'>verbum</span> <span class='ocrx_word' id='word_1_244' title='bbox 651 2088 748 2125; x_wconf 84' lang='lat' dir='ltr'>latius</span> <span class='ocrx_word' id='word_1_245' title='bbox 759 2095 849 2133; x_wconf 89' lang='lat' dir='ltr'>patet</span> <span class='ocrx_word' id='word_1_246' title='bbox 859 2095 916 2137; x_wconf 73' lang='lat' dir='ltr'>,ac</span> <span class='ocrx_word' id='word_1_247' title='bbox 929 2093 1046 2118; x_wconf 82' lang='lat' dir='ltr'>exten-</span> 
     </span>
     <span class='ocr_line' id='line_1_46' title="bbox 256 2133 1046 2193; baseline -0.025 -10"><span class='ocrx_word' id='word_1_248' title='bbox 256 2147 411 2184; x_wconf 85' lang='lat' dir='ltr'>didebet.</span> <span class='ocrx_word' id='word_1_249' title='bbox 439 2149 686 2193; x_wconf 70' lang='lat' dir='ltr'>Quicunque</span> <span class='ocrx_word' id='word_1_250' title='bbox 695 2136 785 2171; x_wconf 87' lang='lat' dir='ltr'>enim</span> <span class='ocrx_word' id='word_1_251' title='bbox 804 2144 979 2187; x_wconf 80' lang='lat' dir='ltr'>regionem</span> <span class='ocrx_word' id='word_1_252' title='bbox 992 2133 1046 2167; x_wconf 83' lang='lat' dir='ltr'>in·-</span> 
     </span>
     <span class='ocr_line' id='line_1_47' title="bbox 257 2180 1046 2235; baseline -0.027 -2"><span class='ocrx_word' id='word_1_253' title='bbox 257 2198 403 2233; x_wconf 88' lang='lat' dir='ltr'>colamus</span> <span class='ocrx_word' id='word_1_254' title='bbox 415 2219 426 2235; x_wconf 84' lang='lat'>,</span> <span class='ocrx_word' id='word_1_255' title='bbox 437 2195 513 2230; x_wconf 69' lang='lat' dir='ltr'>cum</span> <span class='ocrx_word' id='word_1_256' title='bbox 534 2187 682 2227; x_wconf 86' lang='lat' dir='ltr'>Domini</span> <span class='ocrx_word' id='word_1_257' title='bbox 692 2184 730 2219; x_wconf 81' lang='lat' dir='ltr'>sit</span> <span class='ocrx_word' id='word_1_258' title='bbox 742 2194 832 2218; x_wconf 88' lang='lat' dir='ltr'>totus</span> <span class='ocrx_word' id='word_1_259' title='bbox 841 2180 932 2216; x_wconf 82' lang='lat' dir='ltr'>orbis</span> <span class='ocrx_word' id='word_1_260' title='bbox 945 2203 957 2221; x_wconf 90' lang='lat'>,</span> <span class='ocrx_word' id='word_1_261' title='bbox 973 2193 1046 2216; x_wconf 81' lang='lat' dir='ltr'>eam</span> 
     </span>
     <span class='ocr_line' id='line_1_48' title="bbox 255 2235 760 2292; baseline -0.028 -11"><span class='ocrx_word' id='word_1_262' title='bbox 255 2245 355 2282; x_wconf 90' lang='lat' dir='ltr'>nobis</span> <span class='ocrx_word' id='word_1_263' title='bbox 367 2243 505 2292; x_wconf 72' lang='lat' dir='ltr'>affigunt</span> <span class='ocrx_word' id='word_1_264' title='bbox 516 2235 760 2290; x_wconf 77' lang='lat' dir='ltr'>possidendam.</span> 
     </span>
    </p>
   </div>
   <div class='ocr_carea' id='block_1_8' title="bbox 302 2279 1046 2389">
    <p class='ocr_par' dir='ltr' id='par_1_19' title="bbox 302 2279 1046 2389">
     <span class='ocr_line' id='line_1_49' title="bbox 302 2279 1026 2337; baseline -0.025 -7"><span class='ocrx_word' id='word_1_265' title='bbox 302 2296 353 2330; x_wconf 87' lang='lat' dir='ltr'>M.</span> <span class='ocrx_word' id='word_1_266' title='bbox 371 2293 515 2330; x_wconf 79' lang='lat' dir='ltr'>Nihilne</span> <span class='ocrx_word' id='word_1_267' title='bbox 529 2289 669 2337; x_wconf 87' lang='lat' dir='ltr'>amplius</span> <span class='ocrx_word' id='word_1_268' title='bbox 687 2282 784 2318; x_wconf 86' lang='lat' dir='ltr'>restat</span> <span class='ocrx_word' id='word_1_269' title='bbox 795 2279 836 2315; x_wconf 93' lang='lat' dir='ltr'>de</span> <span class='ocrx_word' id='word_1_270' title='bbox 844 2280 1026 2327; x_wconf 82' lang='lat' dir='ltr'>praecepto?</span> 
     </span>
     <span class='ocr_line' id='line_1_50' title="bbox 302 2331 1046 2389; baseline -0.024 -9"><span class='ocrx_word' id='word_1_271' title='bbox 302 2347 340 2380; x_wconf 91' lang='lat' dir='ltr'>P.</span> <span class='ocrx_word' id='word_1_272' title='bbox 368 2346 571 2389; x_wconf 79' lang='lat' dir='ltr'>Quanquam</span> <span class='ocrx_word' id='word_1_273' title='bbox 581 2349 649 2373; x_wconf 90' lang='lat' dir='ltr'>non</span> <span class='ocrx_word' id='word_1_274' title='bbox 663 2331 724 2369; x_wconf 77' lang='lat' dir='ltr'>nisi</span> <span class='ocrx_word' id='word_1_275' title='bbox 744 2331 786 2365; x_wconf 88' lang='lat' dir='ltr'>de</span> <span class='ocrx_word' id='word_1_276' title='bbox 798 2340 888 2377; x_wconf 71' lang='lat' dir='ltr'>patre</span> <span class='ocrx_word' id='word_1_277' title='bbox 899 2333 932 2365; x_wconf 77' lang='grc' dir='ltr'>δι</span> <span class='ocrx_word' id='word_1_278' title='bbox 942 2338 1046 2363; x_wconf 83' lang='lat' dir='ltr'>matre</span> 
     </span>
    </p>
   </div>
   <div class='ocr_carea' id='block_1_9' title="bbox 256 2379 1049 3018">
    <p class='ocr_par' dir='ltr' id='par_1_20' title="bbox 256 2379 1046 2527">
     <span class='ocr_line' id='line_1_51' title="bbox 256 2379 1046 2434; baseline -0.027 -4"><span class='ocrx_word' id='word_1_279' title='bbox 256 2393 356 2429; x_wconf 82' lang='lat' dir='ltr'>verba</span> <span class='ocrx_word' id='word_1_280' title='bbox 368 2392 484 2426; x_wconf 87' lang='lat' dir='ltr'>sonant</span> <span class='ocrx_word' id='word_1_281' title='bbox 495 2414 506 2430; x_wconf 89' lang='lat'>,</span> <span class='ocrx_word' id='word_1_282' title='bbox 520 2381 706 2434; x_wconf 61' lang='lat' dir='ltr'>intelligedi</span> <span class='ocrx_word' id='word_1_283' title='bbox 718 2379 792 2414; x_wconf 90' lang='lat' dir='ltr'>sunt</span> <span class='ocrx_word' id='word_1_284' title='bbox 804 2390 915 2413; x_wconf 81' lang='lat' dir='ltr'>tamen</span> <span class='ocrx_word' id='word_1_285' title='bbox 927 2388 1046 2412; x_wconf 81' lang='lat' dir='ltr'>omnes</span> 
     </span>
     <span class='ocr_line' id='line_1_52' title="bbox 256 2425 1045 2490; baseline -0.024 -12"><span class='ocrx_word' id='word_1_286' title='bbox 256 2435 596 2490; x_wconf 80' lang='lat' dir='ltr'>quinobispraesunt:</span> <span class='ocrx_word' id='word_1_287' title='bbox 614 2429 751 2483; x_wconf 87' lang='lat' dir='ltr'>quando</span> <span class='ocrx_word' id='word_1_288' title='bbox 763 2427 878 2464; x_wconf 85' lang='lat' dir='ltr'>eadem</span> <span class='ocrx_word' id='word_1_289' title='bbox 898 2425 1045 2474; x_wconf 81' lang='lat' dir='ltr'>ipsorum</span> 
     </span>
     <span class='ocr_line' id='line_1_53' title="bbox 258 2491 413 2527; baseline -0.013 0"><span class='ocrx_word' id='word_1_290' title='bbox 258 2491 305 2527; x_wconf 83' lang='lat' dir='ltr'>cst</span> <span class='ocrx_word' id='word_1_291' title='bbox 317 2493 413 2526; x_wconf 71' lang='lat' dir='ltr'>ratio.</span> 
     </span>
    </p>

    <p class='ocr_par' dir='ltr' id='par_1_21' title="bbox 304 2533 630 2575">
     <span class='ocr_line' id='line_1_54' title="bbox 304 2533 630 2575; baseline -0.031 0"><span class='ocrx_word' id='word_1_292' title='bbox 304 2541 355 2575; x_wconf 89' lang='lat' dir='ltr'>M.</span> <span class='ocrx_word' id='word_1_293' title='bbox 419 2548 544 2572; x_wconf 80' lang='lat' dir='ltr'>uaenam</span> <span class='ocrx_word' id='word_1_294' title='bbox 561 2533 630 2568; x_wconf 85' lang='lat' dir='ltr'>illa?</span> 
     </span>
    </p>

    <p class='ocr_par' dir='ltr' id='par_1_22' title="bbox 257 2571 1049 2878">
     <span class='ocr_line' id='line_1_55' title="bbox 304 2571 1047 2634; baseline -0.027 -9"><span class='ocrx_word' id='word_1_295' title='bbox 304 2592 342 2624; x_wconf 89' lang='lat' dir='ltr'>P.</span> <span class='ocrx_word' id='word_1_296' title='bbox 364 2584 591 2634; x_wconf 83' lang='lat' dir='ltr'>Nempe‚quia</span> <span class='ocrx_word' id='word_1_297' title='bbox 601 2577 773 2616; x_wconf 83' lang='lat' dir='ltr'>Dominus</span> <span class='ocrx_word' id='word_1_298' title='bbox 785 2586 842 2609; x_wconf 83' lang='lat' dir='ltr'>eos</span> <span class='ocrx_word' id='word_1_299' title='bbox 853 2574 888 2609; x_wconf 85' lang='lat' dir='ltr'>in</span> <span class='ocrx_word' id='word_1_300' title='bbox 897 2571 1047 2621; x_wconf 85' lang='lat' dir='ltr'>superio-</span> 
     </span>
     <span class='ocr_line' id='line_1_56' title="bbox 257 2623 1047 2683; baseline -0.019 -10"><span class='ocrx_word' id='word_1_301' title='bbox 257 2649 327 2673; x_wconf 85' lang='lat' dir='ltr'>rem</span> <span class='ocrx_word' id='word_1_302' title='bbox 341 2637 481 2672; x_wconf 86' lang='lat' dir='ltr'>honoris</span> <span class='ocrx_word' id='word_1_303' title='bbox 493 2633 632 2683; x_wconf 86' lang='lat' dir='ltr'>gradum</span> <span class='ocrx_word' id='word_1_304' title='bbox 645 2627 808 2664; x_wconf 85' lang='lat' dir='ltr'>extulerit.</span> <span class='ocrx_word' id='word_1_305' title='bbox 840 2624 942 2659; x_wconf 86' lang='lat' dir='ltr'>Nulla</span> <span class='ocrx_word' id='word_1_306' title='bbox 956 2623 1047 2658; x_wconf 83' lang='lat' dir='ltr'>enim</span> 
     </span>
     <span class='ocr_line' id='line_1_57' title="bbox 258 2669 1049 2733; baseline -0.024 -11"><span class='ocrx_word' id='word_1_307' title='bbox 258 2685 303 2722; x_wconf 85' lang='lat' dir='ltr'>est</span> <span class='ocrx_word' id='word_1_308' title='bbox 315 2688 366 2721; x_wconf 89' lang='lat' dir='ltr'>vel</span> <span class='ocrx_word' id='word_1_309' title='bbox 379 2696 552 2733; x_wconf 77' lang='lat' dir='ltr'>parentum</span> <span class='ocrx_word' id='word_1_310' title='bbox 563 2706 573 2722; x_wconf 89' lang='lat'>‚</span> <span class='ocrx_word' id='word_1_311' title='bbox 589 2679 642 2714; x_wconf 88' lang='lat' dir='ltr'>vel</span> <span class='ocrx_word' id='word_1_312' title='bbox 654 2676 855 2726; x_wconf 80' lang='lat' dir='ltr'>principum,</span> <span class='ocrx_word' id='word_1_313' title='bbox 866 2672 919 2707; x_wconf 83' lang='lat' dir='ltr'>vel</span> <span class='ocrx_word' id='word_1_314' title='bbox 931 2669 1049 2727; x_wconf 40' lang='lat' dir='ltr'>prefe-</span> 
     </span>
     <span class='ocr_line' id='line_1_58' title="bbox 257 2722 1049 2782; baseline -0.025 -11"><span class='ocrx_word' id='word_1_315' title='bbox 257 2737 391 2771; x_wconf 65' lang='lat' dir='ltr'>&amp;orum</span> <span class='ocrx_word' id='word_1_316' title='bbox 405 2731 635 2782; x_wconf 87' lang='lat' dir='ltr'>quorumlibet</span> <span class='ocrx_word' id='word_1_317' title='bbox 647 2722 973 2762; x_wconf 87' lang='lat' dir='ltr'>authoritas‚nullum</span> <span class='ocrx_word' id='word_1_318' title='bbox 984 2733 1049 2776; x_wconf 71' lang='lat' dir='ltr'>un-</span> 
     </span>
     <span class='ocr_line' id='line_1_59' title="bbox 257 2772 1049 2835; baseline -0.02 -16"><span class='ocrx_word' id='word_1_319' title='bbox 257 2784 478 2835; x_wconf 72' lang='lat' dir='ltr'>perii&#39;1‚nullus</span> <span class='ocrx_word' id='word_1_320' title='bbox 488 2775 676 2820; x_wconf 78' lang='lat' dir='ltr'>honor,nis1</span> <span class='ocrx_word' id='word_1_321' title='bbox 687 2788 725 2810; x_wconf 91' lang='lat' dir='ltr'>ex</span> <span class='ocrx_word' id='word_1_322' title='bbox 736 2773 805 2810; x_wconf 90' lang='lat' dir='ltr'>Dei</span> <span class='ocrx_word' id='word_1_323' title='bbox 817 2772 962 2808; x_wconf 83' lang='lat' dir='ltr'>decreto:</span> <span class='ocrx_word' id='word_1_324' title='bbox 971 2781 1049 2817; x_wconf 83' lang='lat' dir='ltr'>quia</span> 
     </span>
     <span class='ocr_line' id='line_1_60' title="bbox 257 2825 829 2878; baseline -0.024 -8"><span class='ocrx_word' id='word_1_325' title='bbox 257 2833 419 2870; x_wconf 81' lang='lat' dir='ltr'>mundum</span> <span class='ocrx_word' id='word_1_326' title='bbox 431 2831 473 2866; x_wconf 77' lang='lat' dir='ltr'>sic</span> <span class='ocrx_word' id='word_1_327' title='bbox 487 2831 534 2865; x_wconf 86' lang='lat' dir='ltr'>illi</span> <span class='ocrx_word' id='word_1_328' title='bbox 546 2830 652 2878; x_wconf 82' lang='lat' dir='ltr'>placet</span> <span class='ocrx_word' id='word_1_329' title='bbox 663 2825 829 2860; x_wconf 78' lang='lat' dir='ltr'>ordinare.</span> 
     </span>
    </p>

    <p class='ocr_par' dir='ltr' id='par_1_23' title="bbox 304 2878 642 2918">
     <span class='ocr_line' id='line_1_61' title="bbox 304 2878 642 2918; baseline -0.024 -1"><span class='ocrx_word' id='word_1_330' title='bbox 304 2882 356 2918; x_wconf 89' lang='grc' dir='ltr'>Μ.</span> <span class='ocrx_word' id='word_1_331' title='bbox 378 2881 495 2916; x_wconf 87' lang='lat' dir='ltr'>Recita</span> <span class='ocrx_word' id='word_1_332' title='bbox 507 2878 642 2915; x_wconf 78' lang='lat' dir='ltr'>sextum.</span> 
     </span>
    </p>

    <p class='ocr_par' dir='ltr' id='par_1_24' title="bbox 304 2927 616 2965">
     <span class='ocr_line' id='line_1_62' title="bbox 304 2927 616 2965; baseline -0.019 0"><span class='ocrx_word' id='word_1_333' title='bbox 304 2933 344 2965; x_wconf 89' lang='lat' dir='ltr'>P.</span> <span class='ocrx_word' id='word_1_334' title='bbox 372 2931 458 2965; x_wconf 87' lang='lat' dir='ltr'>Non</span> <span class='ocrx_word' id='word_1_335' title='bbox 471 2927 616 2962; x_wconf 88' lang='lat' dir='ltr'>occides.</span> 
     </span>
    </p>

    <p class='ocr_par' dir='ltr' id='par_1_25' title="bbox 307 2967 1049 3018">
     <span class='ocr_line' id='line_1_63' title="bbox 307 2967 1049 3018; baseline -0.018 -3"><span class='ocrx_word' id='word_1_336' title='bbox 307 2979 359 3015; x_wconf 88' lang='grc' dir='ltr'>Μ.</span> <span class='ocrx_word' id='word_1_337' title='bbox 382 2976 525 3014; x_wconf 77' lang='lat' dir='ltr'>Nihilne</span> <span class='ocrx_word' id='word_1_338' title='bbox 539 2975 627 3011; x_wconf 87' lang='lat' dir='ltr'>aliud</span> <span class='ocrx_word' id='word_1_339' title='bbox 644 2968 848 3018; x_wconf 71' lang='lat' dir='ltr'>vetat‚qu?tm</span> <span class='ocrx_word' id='word_1_340' title='bbox 856 2967 960 3004; x_wconf 83' lang='lat' dir='ltr'>caedes</span> <span class='ocrx_word' id='word_1_341' title='bbox 970 2979 1049 3016; x_wconf 83' lang='lat' dir='ltr'>per-</span> 
     </span>
    </p>
   </div>
   <div class='ocr_carea' id='block_1_10' title="bbox 259 3031 1048 3114">
    <p class='ocr_par' dir='ltr' id='par_1_26' title="bbox 259 3031 1048 3114">
     <span class='ocr_line' id='line_1_64' title="bbox 284 3031 786 3061; baseline -0.026 1"><span class='ocrx_word' id='word_1_342' title='bbox 284 3031 402 3061; x_wconf 73' lang='lat' dir='ltr'>errare?</span> <span class='ocrx_word' id='word_1_343' title='bbox 431 3032 451 3058; x_wconf 67' lang='lat'>0</span> <span class='ocrx_word' id='word_1_344' title='bbox 783 3048 786 3049; x_wconf 21' lang='lat'><em>⁷</em></span> 
     </span>
     <span class='ocr_line' id='line_1_65' title="bbox 259 3039 1048 3114; baseline -0.013 -2"><span class='ocrx_word' id='word_1_345' title='bbox 259 3039 280 3076; x_wconf 68' lang='lat' dir='ltr'>P</span> <span class='ocrx_word' id='word_1_346' title='bbox 307 3078 345 3110; x_wconf 87' lang='lat' dir='ltr'>P.</span> <span class='ocrx_word' id='word_1_347' title='bbox 363 3075 442 3110; x_wconf 73' lang='lat' dir='ltr'>Imo</span> <span class='ocrx_word' id='word_1_348' title='bbox 456 3068 694 3108; x_wconf 70' lang='lat' dir='ltr'>vero-Nicitm</span> <span class='ocrx_word' id='word_1_349' title='bbox 706 3065 761 3102; x_wconf 74' lang='lat' dir='ltr'>hic</span> <span class='ocrx_word' id='word_1_350' title='bbox 771 3067 925 3114; x_wconf 86' lang='lat' dir='ltr'>loquatur</span> <span class='ocrx_word' id='word_1_351' title='bbox 938 3066 1048 3106; x_wconf 78' lang='lat' dir='ltr'>Deus,</span> 
     </span>
    </p>
   </div>
   <div class='ocr_carea' id='block_1_11' title="bbox 260 3114 1048 3212">
    <p class='ocr_par' dir='ltr' id='par_1_27' title="bbox 260 3114 1048 3212">
     <span class='ocr_line' id='line_1_66' title="bbox 260 3114 1047 3164; baseline -0.01 -7"><span class='ocrx_word' id='word_1_352' title='bbox 260 3135 329 3159; x_wconf 87' lang='lat' dir='ltr'>non</span> <span class='ocrx_word' id='word_1_353' title='bbox 344 3123 486 3159; x_wconf 81' lang='lat' dir='ltr'>externis</span> <span class='ocrx_word' id='word_1_354' title='bbox 500 3119 629 3156; x_wconf 70' lang='lat' dir='ltr'>tantum</span> <span class='ocrx_word' id='word_1_355' title='bbox 641 3116 800 3164; x_wconf 86' lang='lat' dir='ltr'>operibus</span> <span class='ocrx_word' id='word_1_356' title='bbox 820 3117 932 3163; x_wconf 85' lang='lat' dir='ltr'>legem</span> <span class='ocrx_word' id='word_1_357' title='bbox 953 3114 1047 3150; x_wconf 83' lang='lat' dir='ltr'>dicit:</span> 
     </span>
     <span class='ocr_line' id='line_1_67' title="bbox 261 3162 1048 3212; baseline -0.011 -6"><span class='ocrx_word' id='word_1_358' title='bbox 261 3171 314 3206; x_wconf 89' lang='lat' dir='ltr'>sed</span> <span class='ocrx_word' id='word_1_359' title='bbox 327 3174 429 3207; x_wconf 87' lang='lat' dir='ltr'>animi</span> <span class='ocrx_word' id='word_1_360' title='bbox 441 3173 542 3207; x_wconf 83' lang='lat' dir='ltr'>etiam</span> <span class='ocrx_word' id='word_1_361' title='bbox 553 3165 723 3203; x_wconf 71' lang='lat' dir='ltr'>affectibus</span> <span class='ocrx_word' id='word_1_362' title='bbox 732 3188 743 3206; x_wconf 91' lang='lat'>‚</span> <span class='ocrx_word' id='word_1_363' title='bbox 762 3164 914 3212; x_wconf 75' lang='lat' dir='ltr'>adedque</span> <span class='ocrx_word' id='word_1_364' title='bbox 923 3162 971 3199; x_wconf 85' lang='lat' dir='ltr'>his</span> <span class='ocrx_word' id='word_1_365' title='bbox 982 3175 1048 3211; x_wconf 88' lang='lat' dir='ltr'>po-</span> 
     </span>
    </p>
   </div>
   <div class='ocr_carea' id='block_1_12' title="bbox 261 3218 1047 3312">
    <p class='ocr_par' dir='ltr' id='par_1_28' title="bbox 261 3218 1047 3312">
     <span class='ocr_line' id='line_1_68' title="bbox 261 3218 686 3255; baseline -0.007 0"><span class='ocrx_word' id='word_1_366' title='bbox 261 3218 430 3255; x_wconf 74' lang='lat' dir='ltr'>tissimum.</span> <span class='ocrx_word' id='word_1_367' title='bbox 683 3243 686 3246; x_wconf 88' lang='lat'><em>-</em></span> 
     </span>
     <span class='ocr_line' id='line_1_69' title="bbox 302 3259 1047 3312; baseline -0.008 -10"><span class='ocrx_word' id='word_1_368' title='bbox 302 3268 353 3302; x_wconf 87' lang='lat' dir='ltr'>M.</span> <span class='ocrx_word' id='word_1_369' title='bbox 373 3267 508 3304; x_wconf 67' lang='lat' dir='ltr'>Videris</span> <span class='ocrx_word' id='word_1_370' title='bbox 518 3264 736 3303; x_wconf 81' lang='lat' dir='ltr'>subindicare,</span> <span class='ocrx_word' id='word_1_371' title='bbox 744 3274 848 3312; x_wconf 82' lang='lat' dir='ltr'>genus</span> <span class='ocrx_word' id='word_1_372' title='bbox 861 3259 922 3298; x_wconf 79' lang='lat' dir='ltr'>esse</span> <span class='ocrx_word' id='word_1_373' title='bbox 933 3259 1047 3310; x_wconf 86' lang='lat' dir='ltr'>quod-</span> 
     </span>
    </p>
   </div>
   <div class='ocr_carea' id='block_1_13' title="bbox 872 156 1251 195">
    <p class='ocr_par' dir='ltr' id='par_1_29' title="bbox 872 156 1251 195">
     <span class='ocr_line' id='line_1_70' title="bbox 872 156 1251 195; baseline -0.013 0"><span class='ocrx_word' id='word_1_374' title='bbox 872 159 969 195; x_wconf 83' lang='lat' dir='ltr'>DE</span> <span class='ocrx_word' id='word_1_375' title='bbox 1035 156 1251 193; x_wconf 83' lang='lat' dir='ltr'><strong>LEGE.</strong></span> 
     </span>
    </p>
   </div>
   <div class='ocr_carea' id='block_1_14' title="bbox 1084 214 1931 1641">
    <p class='ocr_par' dir='ltr' id='par_1_30' title="bbox 1084 214 1876 301">
     <span class='ocr_line' id='line_1_71' title="bbox 1084 214 1876 265; baseline 0 -13"><span class='ocrx_word' id='word_1_376' title='bbox 1084 218 1288 253; x_wconf 77' lang='lat' dir='ltr'>damarcanae</span> <span class='ocrx_word' id='word_1_377' title='bbox 1303 217 1421 258; x_wconf 80' lang='lat' dir='ltr'>caedis,</span> <span class='ocrx_word' id='word_1_378' title='bbox 1440 217 1457 252; x_wconf 74' lang='lat'>:1</span> <span class='ocrx_word' id='word_1_379' title='bbox 1474 229 1542 265; x_wconf 87' lang='lat' dir='ltr'>quo</span> <span class='ocrx_word' id='word_1_380' title='bbox 1561 214 1615 252; x_wconf 77' lang='lat' dir='ltr'>hic</span> <span class='ocrx_word' id='word_1_381' title='bbox 1627 230 1691 252; x_wconf 91' lang='lat' dir='ltr'>nos</span> <span class='ocrx_word' id='word_1_382' title='bbox 1714 218 1809 252; x_wconf 88' lang='lat' dir='ltr'>Deus</span> <span class='ocrx_word' id='word_1_383' title='bbox 1823 229 1876 252; x_wconf 89' lang='lat' dir='ltr'>re-</span> 
     </span>
     <span class='ocr_line' id='line_1_72' title="bbox 1084 277 1196 301; baseline -0.009 0"><span class='ocrx_word' id='word_1_384' title='bbox 1084 277 1196 301; x_wconf 65' lang='lat' dir='ltr'>uocat.</span> 
     </span>
    </p>

    <p class='ocr_par' dir='ltr' id='par_1_31' title="bbox 1087 313 1879 449">
     <span class='ocr_line' id='line_1_73' title="bbox 1134 313 1876 363; baseline -0.001 -13"><span class='ocrx_word' id='word_1_385' title='bbox 1134 318 1170 350; x_wconf 85' lang='lat' dir='ltr'>P.</span> <span class='ocrx_word' id='word_1_386' title='bbox 1190 316 1242 351; x_wconf 88' lang='lat' dir='ltr'>Sic</span> <span class='ocrx_word' id='word_1_387' title='bbox 1255 313 1313 350; x_wconf 89' lang='lat' dir='ltr'>est.</span> <span class='ocrx_word' id='word_1_388' title='bbox 1332 316 1384 348; x_wconf 91' lang='lat' dir='ltr'>Ira</span> <span class='ocrx_word' id='word_1_389' title='bbox 1396 314 1487 349; x_wconf 88' lang='lat' dir='ltr'>enim</span> <span class='ocrx_word' id='word_1_390' title='bbox 1500 319 1531 350; x_wconf 90' lang='lat'>&amp;</span> <span class='ocrx_word' id='word_1_391' title='bbox 1543 314 1679 355; x_wconf 87' lang='lat' dir='ltr'>odium,</span> <span class='ocrx_word' id='word_1_392' title='bbox 1702 319 1734 352; x_wconf 73' lang='grc' dir='ltr'>δι</span> <span class='ocrx_word' id='word_1_393' title='bbox 1753 315 1876 363; x_wconf 86' lang='lat' dir='ltr'>quaeuis</span> 
     </span>
     <span class='ocr_line' id='line_1_74' title="bbox 1087 362 1879 411; baseline -0.003 -11"><span class='ocrx_word' id='word_1_394' title='bbox 1087 366 1234 400; x_wconf 87' lang='lat' dir='ltr'>nocendi</span> <span class='ocrx_word' id='word_1_395' title='bbox 1246 364 1409 411; x_wconf 80' lang='lat' dir='ltr'>cupiditas</span> <span class='ocrx_word' id='word_1_396' title='bbox 1421 387 1432 404; x_wconf 90' lang='lat'>,</span> <span class='ocrx_word' id='word_1_397' title='bbox 1445 364 1545 398; x_wconf 85' lang='lat' dir='ltr'>caedcs</span> <span class='ocrx_word' id='word_1_398' title='bbox 1554 376 1665 399; x_wconf 88' lang='lat' dir='ltr'>coram</span> <span class='ocrx_word' id='word_1_399' title='bbox 1673 366 1753 400; x_wconf 91' lang='lat' dir='ltr'>Deo</span> <span class='ocrx_word' id='word_1_400' title='bbox 1765 362 1879 399; x_wconf 86' lang='lat' dir='ltr'>cense-</span> 
     </span>
     <span class='ocr_line' id='line_1_75' title="bbox 1087 426 1152 449; baseline -0.046 0"><span class='ocrx_word' id='word_1_401' title='bbox 1087 426 1152 449; x_wconf 92' lang='lat' dir='ltr'>tur.</span> 
     </span>
    </p>

    <p class='ocr_par' dir='ltr' id='par_1_32' title="bbox 1090 459 1880 558">
     <span class='ocr_line' id='line_1_76' title="bbox 1138 459 1880 502; baseline 0.003 -6"><span class='ocrx_word' id='word_1_402' title='bbox 1138 461 1192 496; x_wconf 67' lang='lat' dir='ltr'><strong>M.</strong></span> <span class='ocrx_word' id='word_1_403' title='bbox 1209 459 1334 496; x_wconf 83' lang='lat' dir='ltr'>Satisne</span> <span class='ocrx_word' id='word_1_404' title='bbox 1345 459 1495 496; x_wconf 64' lang='lat' dir='ltr'>defuncti</span> <span class='ocrx_word' id='word_1_405' title='bbox 1513 460 1641 502; x_wconf 88' lang='lat' dir='ltr'>sumus,</span> <span class='ocrx_word' id='word_1_406' title='bbox 1663 460 1687 496; x_wconf 83' lang='lat' dir='ltr'>si</span> <span class='ocrx_word' id='word_1_407' title='bbox 1709 462 1880 498; x_wconf 87' lang='lat' dir='ltr'>neminem</span> 
     </span>
     <span class='ocr_line' id='line_1_77' title="bbox 1090 509 1437 558; baseline -0.006 -14"><span class='ocrx_word' id='word_1_408' title='bbox 1090 510 1320 558; x_wconf 83' lang='lat' dir='ltr'>persequamur</span> <span class='ocrx_word' id='word_1_409' title='bbox 1331 509 1437 545; x_wconf 82' lang='lat' dir='ltr'>odio?</span> 
     </span>
    </p>

    <p class='ocr_par' dir='ltr' id='par_1_33' title="bbox 1091 556 1885 852">
     <span class='ocr_line' id='line_1_78' title="bbox 1143 556 1883 606; baseline 0 -12"><span class='ocrx_word' id='word_1_410' title='bbox 1143 562 1179 594; x_wconf 87' lang='lat' dir='ltr'>P.</span> <span class='ocrx_word' id='word_1_411' title='bbox 1209 559 1449 606; x_wconf 83' lang='lat' dir='ltr'>Nequaquam.</span> <span class='ocrx_word' id='word_1_412' title='bbox 1467 556 1639 606; x_wconf 81' lang='lat' dir='ltr'>Siquidem</span> <span class='ocrx_word' id='word_1_413' title='bbox 1655 559 1828 595; x_wconf 86' lang='lat' dir='ltr'>Dominus</span> <span class='ocrx_word' id='word_1_414' title='bbox 1838 573 1883 594; x_wconf 88' lang='grc' dir='ltr'>ο-</span> 
     </span>
     <span class='ocr_line' id='line_1_79' title="bbox 1091 607 1882 655; baseline 0.003 -13"><span class='ocrx_word' id='word_1_415' title='bbox 1091 607 1184 643; x_wconf 87' lang='lat' dir='ltr'>dium</span> <span class='ocrx_word' id='word_1_416' title='bbox 1196 607 1433 649; x_wconf 59' lang='lat' dir='ltr'>damnandm&amp;</span> <span class='ocrx_word' id='word_1_417' title='bbox 1442 620 1504 642; x_wconf 87' lang='lat' dir='ltr'>nos</span> <span class='ocrx_word' id='word_1_418' title='bbox 1515 607 1658 642; x_wconf 81' lang='lat' dir='ltr'>arcendo</span> <span class='ocrx_word' id='word_1_419' title='bbox 1670 608 1688 644; x_wconf 76' lang='grc' dir='ltr'>ὲ</span> <span class='ocrx_word' id='word_1_420' title='bbox 1697 610 1813 655; x_wconf 88' lang='lat' dir='ltr'>quauis</span> <span class='ocrx_word' id='word_1_421' title='bbox 1823 611 1882 644; x_wconf 81' lang='lat' dir='ltr'>ne-</span> 
     </span>
     <span class='ocr_line' id='line_1_80' title="bbox 1093 656 1883 704; baseline 0.003 -12"><span class='ocrx_word' id='word_1_422' title='bbox 1093 669 1130 692; x_wconf 84' lang='lat' dir='ltr'>xa</span> <span class='ocrx_word' id='word_1_423' title='bbox 1141 679 1152 696; x_wconf 91' lang='lat'><strong>‚</strong></span> <span class='ocrx_word' id='word_1_424' title='bbox 1166 668 1230 704; x_wconf 84' lang='lat' dir='ltr'>qua</span> <span class='ocrx_word' id='word_1_425' title='bbox 1240 658 1410 704; x_wconf 82' lang='lat' dir='ltr'>proximus</span> <span class='ocrx_word' id='word_1_426' title='bbox 1421 656 1534 692; x_wconf 86' lang='lat' dir='ltr'>noster</span> <span class='ocrx_word' id='word_1_427' title='bbox 1543 657 1676 692; x_wconf 79' lang='lat' dir='ltr'>laedatur</span> <span class='ocrx_word' id='word_1_428' title='bbox 1687 680 1697 696; x_wconf 94' lang='lat'>‚</span> <span class='ocrx_word' id='word_1_429' title='bbox 1711 656 1807 693; x_wconf 83' lang='lat' dir='ltr'>simul</span> <span class='ocrx_word' id='word_1_430' title='bbox 1816 658 1883 694; x_wconf 89' lang='lat' dir='ltr'>hoc</span> 
     </span>
     <span class='ocr_line' id='line_1_81' title="bbox 1094 705 1885 754; baseline 0.003 -14"><span class='ocrx_word' id='word_1_431' title='bbox 1094 705 1125 740; x_wconf 88' lang='lat' dir='ltr'>se</span> <span class='ocrx_word' id='word_1_432' title='bbox 1136 708 1265 754; x_wconf 79' lang='lat' dir='ltr'>exigere</span> <span class='ocrx_word' id='word_1_433' title='bbox 1273 707 1432 747; x_wconf 86' lang='lat' dir='ltr'>ostendit,</span> <span class='ocrx_word' id='word_1_434' title='bbox 1453 717 1489 741; x_wconf 90' lang='lat' dir='ltr'>vt</span> <span class='ocrx_word' id='word_1_435' title='bbox 1501 719 1621 741; x_wconf 88' lang='lat' dir='ltr'>ornnes</span> <span class='ocrx_word' id='word_1_436' title='bbox 1631 708 1784 744; x_wconf 80' lang='lat' dir='ltr'>mortales</span> <span class='ocrx_word' id='word_1_437' title='bbox 1797 721 1835 743; x_wconf 84' lang='lat' dir='ltr'>ex</span> <span class='ocrx_word' id='word_1_438' title='bbox 1847 721 1885 742; x_wconf 79' lang='lat' dir='ltr'>a-</span> 
     </span>
     <span class='ocr_line' id='line_1_82' title="bbox 1095 754 1884 804; baseline 0.003 -15"><span class='ocrx_word' id='word_1_439' title='bbox 1095 757 1191 789; x_wconf 83' lang='lat' dir='ltr'>nimo</span> <span class='ocrx_word' id='word_1_440' title='bbox 1203 755 1430 803; x_wconf 84' lang='lat' dir='ltr'>diligamus‚ac</span> <span class='ocrx_word' id='word_1_441' title='bbox 1441 754 1583 791; x_wconf 85' lang='lat' dir='ltr'>fideliter</span> <span class='ocrx_word' id='word_1_442' title='bbox 1592 754 1669 804; x_wconf 77' lang='lat' dir='ltr'>ipsis</span> <span class='ocrx_word' id='word_1_443' title='bbox 1680 757 1811 794; x_wconf 83' lang='lat' dir='ltr'>tuendis</span> <span class='ocrx_word' id='word_1_444' title='bbox 1823 759 1884 792; x_wconf 74' lang='grc' dir='ltr'>εὸ-</span> 
     </span>
     <span class='ocr_line' id='line_1_83' title="bbox 1096 803 1535 852; baseline -0.005 -12"><span class='ocrx_word' id='word_1_445' title='bbox 1096 803 1325 852; x_wconf 84' lang='lat' dir='ltr'>seruandisque</span> <span class='ocrx_word' id='word_1_446' title='bbox 1337 804 1535 840; x_wconf 87' lang='lat' dir='ltr'>studeamus.</span> 
     </span>
    </p>

    <p class='ocr_par' dir='ltr' id='par_1_34' title="bbox 1144 853 1539 902">
     <span class='ocr_line' id='line_1_84' title="bbox 1144 853 1539 902; baseline 0.003 -15"><span class='ocrx_word' id='word_1_447' title='bbox 1144 853 1196 887; x_wconf 89' lang='lat' dir='ltr'><strong>M.</strong></span> <span class='ocrx_word' id='word_1_448' title='bbox 1213 855 1284 888; x_wconf 85' lang='lat' dir='ltr'>Iam</span> <span class='ocrx_word' id='word_1_449' title='bbox 1297 853 1336 888; x_wconf 88' lang='lat' dir='ltr'>ad</span> <span class='ocrx_word' id='word_1_450' title='bbox 1350 853 1539 902; x_wconf 84' lang='lat' dir='ltr'>septimum.</span> 
     </span>
    </p>

    <p class='ocr_par' dir='ltr' id='par_1_35' title="bbox 1148 902 1548 938">
     <span class='ocr_line' id='line_1_85' title="bbox 1148 902 1548 938; baseline -0.003 0"><span class='ocrx_word' id='word_1_451' title='bbox 1148 906 1184 938; x_wconf 87' lang='lat' dir='ltr'><strong>P.</strong></span> <span class='ocrx_word' id='word_1_452' title='bbox 1219 903 1304 937; x_wconf 91' lang='lat' dir='ltr'>Non</span> <span class='ocrx_word' id='word_1_453' title='bbox 1316 902 1548 938; x_wconf 71' lang='lat' dir='ltr'>moechaberis.</span> 
     </span>
    </p>

    <p class='ocr_par' dir='ltr' id='par_1_36' title="bbox 1145 951 1641 1000">
     <span class='ocr_line' id='line_1_86' title="bbox 1145 951 1641 1000; baseline -0.004 -12"><span class='ocrx_word' id='word_1_454' title='bbox 1145 952 1196 988; x_wconf 91' lang='grc' dir='ltr'>Μ.</span> <span class='ocrx_word' id='word_1_455' title='bbox 1217 952 1357 999; x_wconf 86' lang='lat' dir='ltr'>Expone</span> <span class='ocrx_word' id='word_1_456' title='bbox 1369 963 1440 1000; x_wconf 88' lang='lat' dir='ltr'>quae</span> <span class='ocrx_word' id='word_1_457' title='bbox 1452 951 1491 987; x_wconf 80' lang='lat' dir='ltr'>sit</span> <span class='ocrx_word' id='word_1_458' title='bbox 1502 951 1641 987; x_wconf 82' lang='lat' dir='ltr'>summa.</span> 
     </span>
    </p>

    <p class='ocr_par' dir='ltr' id='par_1_37' title="bbox 1096 999 1887 1184">
     <span class='ocr_line' id='line_1_87' title="bbox 1145 999 1886 1048; baseline 0 -12"><span class='ocrx_word' id='word_1_459' title='bbox 1145 1004 1184 1036; x_wconf 88' lang='lat' dir='ltr'><strong>P.</strong></span> <span class='ocrx_word' id='word_1_460' title='bbox 1207 1001 1453 1036; x_wconf 88' lang='lat' dir='ltr'>Scortationem</span> <span class='ocrx_word' id='word_1_461' title='bbox 1478 1000 1662 1048; x_wconf 84' lang='lat' dir='ltr'>quamlibet</span> <span class='ocrx_word' id='word_1_462' title='bbox 1676 999 1886 1036; x_wconf 68' lang='lat' dir='ltr'>maledictam</span> 
     </span>
     <span class='ocr_line' id='line_1_88' title="bbox 1096 1047 1885 1088; baseline -0.001 -3"><span class='ocrx_word' id='word_1_463' title='bbox 1096 1047 1158 1085; x_wconf 79' lang='lat' dir='ltr'>effe</span> <span class='ocrx_word' id='word_1_464' title='bbox 1171 1062 1282 1085; x_wconf 81' lang='lat' dir='ltr'>coram</span> <span class='ocrx_word' id='word_1_465' title='bbox 1293 1051 1385 1084; x_wconf 90' lang='lat' dir='ltr'>Deo.</span> <span class='ocrx_word' id='word_1_466' title='bbox 1398 1049 1619 1088; x_wconf 68' lang='lat' dir='ltr'>Proindemifi</span> <span class='ocrx_word' id='word_1_467' title='bbox 1631 1051 1710 1083; x_wconf 89' lang='lat' dir='ltr'>iram</span> <span class='ocrx_word' id='word_1_468' title='bbox 1721 1051 1790 1085; x_wconf 87' lang='lat' dir='ltr'>Dei</span> <span class='ocrx_word' id='word_1_469' title='bbox 1799 1050 1885 1085; x_wconf 83' lang='lat' dir='ltr'>veli-</span> 
     </span>
     <span class='ocr_line' id='line_1_89' title="bbox 1096 1097 1887 1147; baseline 0 -13"><span class='ocrx_word' id='word_1_470' title='bbox 1096 1111 1169 1134; x_wconf 87' lang='lat' dir='ltr'>mus</span> <span class='ocrx_word' id='word_1_471' title='bbox 1181 1101 1214 1134; x_wconf 91' lang='lat' dir='ltr'>in</span> <span class='ocrx_word' id='word_1_472' title='bbox 1228 1111 1289 1133; x_wconf 91' lang='lat' dir='ltr'>nos</span> <span class='ocrx_word' id='word_1_473' title='bbox 1300 1110 1483 1147; x_wconf 87' lang='lat' dir='ltr'>prouocare</span> <span class='ocrx_word' id='word_1_474' title='bbox 1492 1121 1503 1139; x_wconf 85' lang='lat'><strong>,</strong></span> <span class='ocrx_word' id='word_1_475' title='bbox 1516 1098 1557 1133; x_wconf 81' lang='lat' dir='ltr'>ab</span> <span class='ocrx_word' id='word_1_476' title='bbox 1572 1098 1625 1132; x_wconf 88' lang='lat' dir='ltr'>illa</span> <span class='ocrx_word' id='word_1_477' title='bbox 1635 1097 1696 1134; x_wconf 82' lang='lat' dir='ltr'>esse</span> <span class='ocrx_word' id='word_1_478' title='bbox 1707 1098 1887 1147; x_wconf 83' lang='lat' dir='ltr'>diligenter</span> 
     </span>
     <span class='ocr_line' id='line_1_90' title="bbox 1096 1148 1345 1184; baseline 0 -1"><span class='ocrx_word' id='word_1_479' title='bbox 1096 1148 1345 1184; x_wconf 85' lang='lat' dir='ltr'>abstinendum.</span> 
     </span>
    </p>

    <p class='ocr_par' dir='ltr' id='par_1_38' title="bbox 1145 1195 1690 1245">
     <span class='ocr_line' id='line_1_91' title="bbox 1145 1195 1690 1245; baseline -0.002 -12"><span class='ocrx_word' id='word_1_480' title='bbox 1145 1198 1197 1233; x_wconf 90' lang='lat' dir='ltr'><strong>M.</strong></span> <span class='ocrx_word' id='word_1_481' title='bbox 1216 1195 1361 1232; x_wconf 83' lang='lat' dir='ltr'>Nihilne</span> <span class='ocrx_word' id='word_1_482' title='bbox 1373 1208 1525 1245; x_wconf 81' lang='lat' dir='ltr'>praeterea</span> <span class='ocrx_word' id='word_1_483' title='bbox 1536 1197 1690 1244; x_wconf 83' lang='lat' dir='ltr'>requirit?</span> 
     </span>
    </p>

    <p class='ocr_par' dir='ltr' id='par_1_39' title="bbox 1095 1243 1888 1430">
     <span class='ocr_line' id='line_1_92' title="bbox 1145 1243 1888 1294; baseline -0.003 -12"><span class='ocrx_word' id='word_1_484' title='bbox 1145 1250 1182 1282; x_wconf 90' lang='lat' dir='ltr'>P.</span> <span class='ocrx_word' id='word_1_485' title='bbox 1211 1245 1430 1294; x_wconf 80' lang='lat' dir='ltr'>Respicienda</span> <span class='ocrx_word' id='word_1_486' title='bbox 1452 1246 1580 1294; x_wconf 83' lang='lat' dir='ltr'>semper</span> <span class='ocrx_word' id='word_1_487' title='bbox 1592 1244 1638 1281; x_wconf 91' lang='lat' dir='ltr'>est</span> <span class='ocrx_word' id='word_1_488' title='bbox 1647 1258 1758 1282; x_wconf 86' lang='lat' dir='ltr'>natura</span> <span class='ocrx_word' id='word_1_489' title='bbox 1769 1243 1888 1294; x_wconf 85' lang='lat' dir='ltr'>Legis-</span> 
     </span>
     <span class='ocr_line' id='line_1_93' title="bbox 1095 1294 1887 1343; baseline -0.003 -13"><span class='ocrx_word' id='word_1_490' title='bbox 1095 1296 1326 1343; x_wconf 66' lang='lat' dir='ltr'>latoriszquem</span> <span class='ocrx_word' id='word_1_491' title='bbox 1336 1296 1562 1333; x_wconf 82' lang='lat' dir='ltr'>diximus‚non</span> <span class='ocrx_word' id='word_1_492' title='bbox 1575 1294 1831 1338; x_wconf 27' lang='lat' dir='ltr'>externo-modo</span> <span class='ocrx_word' id='word_1_493' title='bbox 1843 1307 1887 1328; x_wconf 91' lang='lat'>0-</span> 
     </span>
     <span class='ocr_line' id='line_1_94' title="bbox 1096 1343 1887 1394; baseline -0.001 -15"><span class='ocrx_word' id='word_1_494' title='bbox 1096 1347 1167 1394; x_wconf 89' lang='lat' dir='ltr'>peri</span> <span class='ocrx_word' id='word_1_495' title='bbox 1179 1345 1349 1380; x_wconf 85' lang='lat' dir='ltr'>immorari</span> <span class='ocrx_word' id='word_1_496' title='bbox 1360 1371 1370 1386; x_wconf 95' lang='lat'>,</span> <span class='ocrx_word' id='word_1_497' title='bbox 1391 1343 1446 1380; x_wconf 85' lang='lat' dir='ltr'>sed</span> <span class='ocrx_word' id='word_1_498' title='bbox 1458 1345 1563 1380; x_wconf 84' lang='lat' dir='ltr'>animi</span> <span class='ocrx_word' id='word_1_499' title='bbox 1585 1349 1699 1392; x_wconf 79' lang='lat' dir='ltr'>potius</span> <span class='ocrx_word' id='word_1_500' title='bbox 1713 1343 1887 1380; x_wconf 69' lang='lat' dir='ltr'>affectibus</span> 
     </span>
     <span class='ocr_line' id='line_1_95' title="bbox 1096 1393 1482 1430; baseline 0 -1"><span class='ocrx_word' id='word_1_501' title='bbox 1096 1393 1157 1430; x_wconf 78' lang='lat' dir='ltr'>esse</span> <span class='ocrx_word' id='word_1_502' title='bbox 1168 1395 1346 1429; x_wconf 86' lang='lat' dir='ltr'>intentum.</span> <span class='ocrx_word' id='word_1_503' title='bbox 1480 1427 1482 1429; x_wconf 90' lang='lat'><strong>.</strong></span> 
     </span>
    </p>

    <p class='ocr_par' dir='ltr' id='par_1_40' title="bbox 1144 1441 1775 1491">
     <span class='ocr_line' id='line_1_96' title="bbox 1144 1441 1775 1491; baseline -0.005 -12"><span class='ocrx_word' id='word_1_504' title='bbox 1144 1444 1195 1479; x_wconf 92' lang='lat' dir='ltr'>M.</span> <span class='ocrx_word' id='word_1_505' title='bbox 1221 1442 1314 1491; x_wconf 78' lang='lat' dir='ltr'>Qd</span> <span class='ocrx_word' id='word_1_506' title='bbox 1324 1454 1404 1490; x_wconf 88' lang='lat' dir='ltr'>ergo</span> <span class='ocrx_word' id='word_1_507' title='bbox 1416 1441 1488 1489; x_wconf 85' lang='lat' dir='ltr'>plus</span> <span class='ocrx_word' id='word_1_508' title='bbox 1501 1441 1775 1490; x_wconf 80' lang='lat' dir='ltr'>comprehendit?</span> 
     </span>
    </p>

    <p class='ocr_par' dir='ltr' id='par_1_41' title="bbox 1095 1491 1931 1641">
     <span class='ocr_line' id='line_1_97' title="bbox 1142 1491 1882 1539; baseline -0.003 -11"><span class='ocrx_word' id='word_1_509' title='bbox 1142 1496 1179 1528; x_wconf 91' lang='lat' dir='ltr'>P.</span> <span class='ocrx_word' id='word_1_510' title='bbox 1211 1493 1260 1527; x_wconf 84' lang='lat' dir='ltr'>Ex</span> <span class='ocrx_word' id='word_1_511' title='bbox 1272 1504 1341 1539; x_wconf 89' lang='lat' dir='ltr'>quo</span> <span class='ocrx_word' id='word_1_512' title='bbox 1352 1504 1424 1527; x_wconf 87' lang='lat' dir='ltr'>tum</span> <span class='ocrx_word' id='word_1_513' title='bbox 1437 1503 1576 1539; x_wconf 83' lang='lat' dir='ltr'>corpora</span> <span class='ocrx_word' id='word_1_514' title='bbox 1589 1491 1712 1532; x_wconf 86' lang='lat' dir='ltr'>nostra,</span> <span class='ocrx_word' id='word_1_515' title='bbox 1722 1502 1793 1526; x_wconf 89' lang='lat' dir='ltr'>turn</span> <span class='ocrx_word' id='word_1_516' title='bbox 1807 1492 1882 1526; x_wconf 82' lang='lat' dir='ltr'>ani-</span> 
     </span>
     <span class='ocr_line' id='line_1_98' title="bbox 1095 1539 1880 1589; baseline -0.001 -13"><span class='ocrx_word' id='word_1_517' title='bbox 1095 1553 1156 1576; x_wconf 85' lang='lat' dir='ltr'>mae</span> <span class='ocrx_word' id='word_1_518' title='bbox 1167 1542 1291 1589; x_wconf 81' lang='lat' dir='ltr'>templa</span> <span class='ocrx_word' id='word_1_519' title='bbox 1303 1539 1373 1576; x_wconf 91' lang='lat' dir='ltr'>sunt</span> <span class='ocrx_word' id='word_1_520' title='bbox 1386 1541 1524 1588; x_wconf 84' lang='lat' dir='ltr'>Spiritus</span> <span class='ocrx_word' id='word_1_521' title='bbox 1535 1539 1637 1576; x_wconf 72' lang='lat' dir='ltr'>sanffi</span> <span class='ocrx_word' id='word_1_522' title='bbox 1648 1564 1658 1581; x_wconf 86' lang='lat'>‚</span> <span class='ocrx_word' id='word_1_523' title='bbox 1669 1552 1704 1576; x_wconf 91' lang='lat' dir='ltr'>vt</span> <span class='ocrx_word' id='word_1_524' title='bbox 1716 1539 1832 1575; x_wconf 88' lang='lat' dir='ltr'>castam</span> <span class='ocrx_word' id='word_1_525' title='bbox 1843 1551 1880 1575; x_wconf 90' lang='lat' dir='ltr'>v-</span> 
     </span>
     <span class='ocr_line' id='line_1_99' title="bbox 1095 1589 1931 1641; baseline -0.001 -16"><span class='ocrx_word' id='word_1_526' title='bbox 1095 1589 1218 1639; x_wconf 84' lang='lat' dir='ltr'>trisque</span> <span class='ocrx_word' id='word_1_527' title='bbox 1231 1591 1406 1638; x_wconf 85' lang='lat' dir='ltr'>puritatem</span> <span class='ocrx_word' id='word_1_528' title='bbox 1420 1589 1617 1637; x_wconf 80' lang='lat' dir='ltr'>praestemus:</span> <span class='ocrx_word' id='word_1_529' title='bbox 1628 1602 1665 1625; x_wconf 90' lang='lat' dir='ltr'>ac</span> <span class='ocrx_word' id='word_1_530' title='bbox 1683 1589 1825 1637; x_wconf 87' lang='lat' dir='ltr'>proinde</span> <span class='ocrx_word' id='word_1_531' title='bbox 1836 1591 1882 1624; x_wconf 80' lang='lat'>115</span> <span class='ocrx_word' id='word_1_532' title='bbox 1899 1616 1931 1641; x_wconf 84' lang='lat'>¹9</span> 
     </span>
    </p>
   </div>
   <div class='ocr_carea' id='block_1_15' title="bbox 1094 1637 2011 1738">
    <p class='ocr_par' dir='ltr' id='par_1_42' title="bbox 1094 1637 2011 1738">
     <span class='ocr_line' id='line_1_100' title="bbox 1095 1637 2011 1687; baseline -0.002 -13"><span class='ocrx_word' id='word_1_533' title='bbox 1095 1642 1219 1676; x_wconf 85' lang='lat' dir='ltr'>externi</span> <span class='ocrx_word' id='word_1_534' title='bbox 1243 1638 1371 1674; x_wconf 72' lang='lat' dir='ltr'>tantum</span> <span class='ocrx_word' id='word_1_535' title='bbox 1386 1637 1503 1686; x_wconf 79' lang='lat' dir='ltr'>flagitij</span> <span class='ocrx_word' id='word_1_536' title='bbox 1513 1639 1708 1675; x_wconf 85' lang='lat' dir='ltr'>abstinentia</span> <span class='ocrx_word' id='word_1_537' title='bbox 1719 1638 1832 1687; x_wconf 91' lang='lat' dir='ltr'>pudici</span> <span class='ocrx_word' id='word_1_538' title='bbox 1841 1637 1883 1673; x_wconf 79' lang='lat' dir='ltr'>si-</span> <span class='ocrx_word' id='word_1_539' title='bbox 1898 1646 2011 1675; x_wconf 77' lang='lat' dir='ltr'><strong>2.c0r.6.</strong></span> 
     </span>
     <span class='ocr_line' id='line_1_101' title="bbox 1094 1687 1944 1738; baseline -0.005 -13"><span class='ocrx_word' id='word_1_540' title='bbox 1094 1700 1168 1725; x_wconf 84' lang='lat' dir='ltr'>mus</span> <span class='ocrx_word' id='word_1_541' title='bbox 1179 1703 1188 1723; x_wconf 69' lang='grc' dir='ltr'>ι</span> <span class='ocrx_word' id='word_1_542' title='bbox 1200 1689 1253 1724; x_wconf 88' lang='lat' dir='ltr'>sed</span> <span class='ocrx_word' id='word_1_543' title='bbox 1266 1690 1365 1723; x_wconf 87' lang='lat' dir='ltr'>etiam</span> <span class='ocrx_word' id='word_1_544' title='bbox 1377 1687 1603 1729; x_wconf 85' lang='lat' dir='ltr'>corde‚verbis</span> <span class='ocrx_word' id='word_1_545' title='bbox 1614 1711 1625 1728; x_wconf 81' lang='lat'>‚</span> <span class='ocrx_word' id='word_1_546' title='bbox 1635 1687 1727 1738; x_wconf 86' lang='lat' dir='ltr'>gestu</span> <span class='ocrx_word' id='word_1_547' title='bbox 1741 1687 1887 1736; x_wconf 87' lang='lat' dir='ltr'>denique</span> <span class='ocrx_word' id='word_1_548' title='bbox 1901 1689 1944 1716; x_wconf 84' lang='lat'>¹6·</span> 
     </span>
    </p>
   </div>
   <div class='ocr_carea' id='block_1_16' title="bbox 1093 1736 1937 2278">
    <p class='ocr_par' dir='ltr' id='par_1_43' title="bbox 1093 1736 1937 1934">
     <span class='ocr_line' id='line_1_102' title="bbox 1095 1736 1937 1786; baseline -0.004 -12"><span class='ocrx_word' id='word_1_549' title='bbox 1095 1739 1245 1786; x_wconf 82' lang='lat' dir='ltr'>corporis</span> <span class='ocrx_word' id='word_1_550' title='bbox 1258 1742 1291 1774; x_wconf 72' lang='grc' dir='ltr'>ὅ(</span> <span class='ocrx_word' id='word_1_551' title='bbox 1310 1737 1453 1772; x_wconf 70' lang='lat' dir='ltr'>afflone.</span> <span class='ocrx_word' id='word_1_552' title='bbox 1472 1738 1632 1786; x_wconf 89' lang='lat' dir='ltr'>Denique</span> <span class='ocrx_word' id='word_1_553' title='bbox 1651 1749 1771 1786; x_wconf 87' lang='lat' dir='ltr'>corpus</span> <span class='ocrx_word' id='word_1_554' title='bbox 1784 1736 1826 1772; x_wconf 89' lang='lat' dir='ltr'>ab</span> <span class='ocrx_word' id='word_1_555' title='bbox 1842 1749 1888 1772; x_wconf 91' lang='grc' dir='ltr'>ο-</span> <span class='ocrx_word' id='word_1_556' title='bbox 1935 1772 1937 1775; x_wconf 76' lang='grc'><em>,</em></span> 
     </span>
     <span class='ocr_line' id='line_1_103' title="bbox 1095 1784 1887 1834; baseline -0.005 -10"><span class='ocrx_word' id='word_1_557' title='bbox 1095 1791 1166 1825; x_wconf 85' lang='lat' dir='ltr'>mni</span> <span class='ocrx_word' id='word_1_558' title='bbox 1177 1786 1306 1823; x_wconf 88' lang='lat' dir='ltr'>lasciuia</span> <span class='ocrx_word' id='word_1_559' title='bbox 1318 1799 1436 1834; x_wconf 88' lang='lat' dir='ltr'>purum</span> <span class='ocrx_word' id='word_1_560' title='bbox 1449 1785 1499 1826; x_wconf 84' lang='lat' dir='ltr'>sit,</span> <span class='ocrx_word' id='word_1_561' title='bbox 1506 1788 1635 1823; x_wconf 87' lang='lat' dir='ltr'>animus</span> <span class='ocrx_word' id='word_1_562' title='bbox 1645 1785 1687 1822; x_wconf 87' lang='lat' dir='ltr'>ab</span> <span class='ocrx_word' id='word_1_563' title='bbox 1696 1786 1792 1822; x_wconf 88' lang='lat' dir='ltr'>omni</span> <span class='ocrx_word' id='word_1_564' title='bbox 1802 1784 1887 1822; x_wconf 86' lang='lat' dir='ltr'>libi-</span> 
     </span>
     <span class='ocr_line' id='line_1_104' title="bbox 1093 1834 1887 1887; baseline -0.004 -12"><span class='ocrx_word' id='word_1_565' title='bbox 1093 1840 1174 1875; x_wconf 85' lang='lat' dir='ltr'>dine</span> <span class='ocrx_word' id='word_1_566' title='bbox 1183 1847 1237 1882; x_wconf 18' lang='lat' dir='ltr'>:qvt</span> <span class='ocrx_word' id='word_1_567' title='bbox 1247 1837 1335 1872; x_wconf 87' lang='lat' dir='ltr'>nulla</span> <span class='ocrx_word' id='word_1_568' title='bbox 1345 1846 1416 1884; x_wconf 85' lang='lat' dir='ltr'>pars</span> <span class='ocrx_word' id='word_1_569' title='bbox 1427 1835 1767 1887; x_wconf 68' lang='lat' dir='ltr'>nostri,impudicitiae</span> <span class='ocrx_word' id='word_1_570' title='bbox 1776 1834 1887 1883; x_wconf 39' lang='lat' dir='ltr'>sordi-0</span> 
     </span>
     <span class='ocr_line' id='line_1_105' title="bbox 1094 1886 1408 1934; baseline -0.016 -9"><span class='ocrx_word' id='word_1_571' title='bbox 1094 1888 1157 1925; x_wconf 81' lang='lat' dir='ltr'>bus</span> <span class='ocrx_word' id='word_1_572' title='bbox 1172 1886 1210 1922; x_wconf 81' lang='lat' dir='ltr'>sit</span> <span class='ocrx_word' id='word_1_573' title='bbox 1222 1887 1408 1934; x_wconf 84' lang='lat' dir='ltr'>inquinata.</span> 
     </span>
    </p>

    <p class='ocr_par' dir='ltr' id='par_1_44' title="bbox 1141 1934 1627 1974">
     <span class='ocr_line' id='line_1_106' title="bbox 1141 1934 1627 1974; baseline -0.004 -2"><span class='ocrx_word' id='word_1_574' title='bbox 1141 1937 1193 1974; x_wconf 89' lang='lat' dir='ltr'>M.</span> <span class='ocrx_word' id='word_1_575' title='bbox 1212 1936 1397 1972; x_wconf 84' lang='lat' dir='ltr'>Veniamus</span> <span class='ocrx_word' id='word_1_576' title='bbox 1409 1934 1449 1971; x_wconf 85' lang='lat' dir='ltr'>ad</span> <span class='ocrx_word' id='word_1_577' title='bbox 1457 1935 1627 1971; x_wconf 70' lang='lat' dir='ltr'>cecanum.</span> 
     </span>
    </p>

    <p class='ocr_par' dir='ltr' id='par_1_45' title="bbox 1141 1983 1477 2022">
     <span class='ocr_line' id='line_1_107' title="bbox 1141 1983 1477 2022; baseline -0.009 -1"><span class='ocrx_word' id='word_1_578' title='bbox 1141 1988 1180 2021; x_wconf 76' lang='lat'><strong>1³.</strong></span> <span class='ocrx_word' id='word_1_579' title='bbox 1208 1987 1291 2022; x_wconf 90' lang='lat' dir='ltr'>Non</span> <span class='ocrx_word' id='word_1_580' title='bbox 1307 1983 1477 2019; x_wconf 85' lang='lat' dir='ltr'>furaberis.</span> 
     </span>
    </p>

    <p class='ocr_par' dir='ltr' id='par_1_46' title="bbox 1096 2028 1886 2168">
     <span class='ocr_line' id='line_1_108' title="bbox 1142 2028 1885 2081; baseline -0.005 -12"><span class='ocrx_word' id='word_1_581' title='bbox 1142 2035 1194 2069; x_wconf 91' lang='grc' dir='ltr'>Μ.</span> <span class='ocrx_word' id='word_1_582' title='bbox 1217 2032 1309 2069; x_wconf 65' lang='lat' dir='ltr'>Erine</span> <span class='ocrx_word' id='word_1_583' title='bbox 1319 2032 1450 2068; x_wconf 73' lang='lat' dir='ltr'>tantum</span> <span class='ocrx_word' id='word_1_584' title='bbox 1461 2031 1544 2068; x_wconf 87' lang='lat' dir='ltr'>furta</span> <span class='ocrx_word' id='word_1_585' title='bbox 1554 2031 1724 2081; x_wconf 86' lang='lat' dir='ltr'>prohibet,</span> <span class='ocrx_word' id='word_1_586' title='bbox 1732 2042 1807 2080; x_wconf 81' lang='lat' dir='ltr'>quae</span> <span class='ocrx_word' id='word_1_587' title='bbox 1819 2028 1885 2066; x_wconf 67' lang='grc' dir='ltr'>1]υὲ</span> 
     </span>
     <span class='ocr_line' id='line_1_109' title="bbox 1096 2081 1886 2133; baseline -0.003 -15"><span class='ocrx_word' id='word_1_588' title='bbox 1096 2085 1201 2119; x_wconf 83' lang='lat' dir='ltr'>manis</span> <span class='ocrx_word' id='word_1_589' title='bbox 1210 2081 1343 2133; x_wconf 85' lang='lat' dir='ltr'>legibus</span> <span class='ocrx_word' id='word_1_590' title='bbox 1353 2082 1546 2130; x_wconf 89' lang='lat' dir='ltr'>puniuntur,</span> <span class='ocrx_word' id='word_1_591' title='bbox 1560 2094 1602 2118; x_wconf 89' lang='lat' dir='ltr'>an</span> <span class='ocrx_word' id='word_1_592' title='bbox 1614 2081 1747 2130; x_wconf 82' lang='lat' dir='ltr'>longius</span> <span class='ocrx_word' id='word_1_593' title='bbox 1763 2093 1886 2129; x_wconf 90' lang='lat' dir='ltr'>proce-</span> 
     </span>
     <span class='ocr_line' id='line_1_110' title="bbox 1096 2134 1160 2168; baseline 0.016 -1"><span class='ocrx_word' id='word_1_594' title='bbox 1096 2134 1160 2168; x_wconf 88' lang='lat' dir='ltr'>dit?</span> 
     </span>
    </p>

    <p class='ocr_par' dir='ltr' id='par_1_47' title="bbox 1096 2178 1935 2278">
     <span class='ocr_line' id='line_1_111' title="bbox 1143 2178 1885 2228; baseline -0.005 -11"><span class='ocrx_word' id='word_1_595' title='bbox 1143 2185 1181 2217; x_wconf 89' lang='lat' dir='ltr'>P.</span> <span class='ocrx_word' id='word_1_596' title='bbox 1204 2181 1308 2217; x_wconf 85' lang='lat' dir='ltr'>Malas</span> <span class='ocrx_word' id='word_1_597' title='bbox 1323 2192 1424 2216; x_wconf 91' lang='lat' dir='ltr'>omne</span> <span class='ocrx_word' id='word_1_598' title='bbox 1440 2191 1544 2228; x_wconf 86' lang='lat' dir='ltr'>genus</span> <span class='ocrx_word' id='word_1_599' title='bbox 1567 2178 1737 2215; x_wconf 85' lang='lat' dir='ltr'>fraudandi</span> <span class='ocrx_word' id='word_1_600' title='bbox 1751 2179 1885 2213; x_wconf 86' lang='lat' dir='ltr'>circun—</span> 
     </span>
     <span class='ocr_line' id='line_1_112' title="bbox 1096 2227 1935 2278; baseline -0.002 -13"><span class='ocrx_word' id='word_1_601' title='bbox 1096 2230 1319 2278; x_wconf 90' lang='lat' dir='ltr'>ueniendique</span> <span class='ocrx_word' id='word_1_602' title='bbox 1327 2241 1423 2269; x_wconf 77' lang='lat' dir='ltr'>arteS,</span> <span class='ocrx_word' id='word_1_603' title='bbox 1437 2229 1557 2277; x_wconf 84' lang='lat' dir='ltr'>quibus</span> <span class='ocrx_word' id='word_1_604' title='bbox 1570 2229 1675 2263; x_wconf 86' lang='lat' dir='ltr'>aliena</span> <span class='ocrx_word' id='word_1_605' title='bbox 1686 2227 1775 2262; x_wconf 89' lang='lat' dir='ltr'>bona</span> <span class='ocrx_word' id='word_1_606' title='bbox 1785 2240 1888 2263; x_wconf 85' lang='lat' dir='ltr'>aucu-</span> <span class='ocrx_word' id='word_1_607' title='bbox 1931 2263 1935 2267; x_wconf 72' lang='grc'>,</span> 
     </span>
    </p>
   </div>
   <div class='ocr_carea' id='block_1_17' title="bbox 1085 2276 1887 2328">
    <p class='ocr_par' dir='ltr' id='par_1_48' title="bbox 1085 2276 1887 2328">
     <span class='ocr_line' id='line_1_113' title="bbox 1085 2276 1887 2328; baseline -0.004 -13"><span class='ocrx_word' id='word_1_608' title='bbox 1085 2292 1211 2328; x_wconf 77' lang='lat' dir='ltr'>-pamur</span> <span class='ocrx_word' id='word_1_609' title='bbox 1225 2303 1234 2319; x_wconf 90' lang='lat'>,</span> <span class='ocrx_word' id='word_1_610' title='bbox 1252 2279 1309 2314; x_wconf 90' lang='lat' dir='ltr'>sub</span> <span class='ocrx_word' id='word_1_611' title='bbox 1319 2278 1397 2314; x_wconf 91' lang='lat' dir='ltr'>furti</span> <span class='ocrx_word' id='word_1_612' title='bbox 1409 2280 1546 2313; x_wconf 86' lang='lat' dir='ltr'>nomine</span> <span class='ocrx_word' id='word_1_613' title='bbox 1558 2278 1805 2324; x_wconf 61' lang='lat' dir='ltr'>compleffi&#39;titur.</span> <span class='ocrx_word' id='word_1_614' title='bbox 1817 2276 1887 2312; x_wconf 81' lang='lat' dir='ltr'>Hic</span> 
     </span>
    </p>
   </div>
   <div class='ocr_carea' id='block_1_18' title="bbox 1094 2326 1887 3269">
    <p class='ocr_par' dir='ltr' id='par_1_49' title="bbox 1094 2326 1886 2561">
     <span class='ocr_line' id='line_1_114' title="bbox 1096 2326 1885 2378; baseline -0.004 -15"><span class='ocrx_word' id='word_1_615' title='bbox 1096 2342 1178 2378; x_wconf 90' lang='lat' dir='ltr'>ergo</span> <span class='ocrx_word' id='word_1_616' title='bbox 1199 2340 1348 2364; x_wconf 86' lang='lat' dir='ltr'>vetamur</span> <span class='ocrx_word' id='word_1_617' title='bbox 1369 2351 1379 2368; x_wconf 90' lang='lat'><em>‚</em></span> <span class='ocrx_word' id='word_1_618' title='bbox 1405 2338 1477 2362; x_wconf 85' lang='lat' dir='ltr'>tum</span> <span class='ocrx_word' id='word_1_619' title='bbox 1498 2327 1666 2361; x_wconf 87' lang='lat' dir='ltr'>violenter</span> <span class='ocrx_word' id='word_1_620' title='bbox 1681 2326 1831 2361; x_wconf 88' lang='lat' dir='ltr'>inuolare</span> <span class='ocrx_word' id='word_1_621' title='bbox 1849 2327 1885 2360; x_wconf 85' lang='lat' dir='ltr'>in</span> 
     </span>
     <span class='ocr_line' id='line_1_115' title="bbox 1095 2373 1886 2426; baseline -0.006 -13"><span class='ocrx_word' id='word_1_622' title='bbox 1095 2377 1184 2412; x_wconf 90' lang='lat' dir='ltr'>bona</span> <span class='ocrx_word' id='word_1_623' title='bbox 1194 2379 1512 2426; x_wconf 84' lang='lat' dir='ltr'>proximorum‚tum</span> <span class='ocrx_word' id='word_1_624' title='bbox 1523 2387 1582 2423; x_wconf 87' lang='lat' dir='ltr'>per</span> <span class='ocrx_word' id='word_1_625' title='bbox 1592 2373 1760 2410; x_wconf 86' lang='lat' dir='ltr'>vafriciem</span> <span class='ocrx_word' id='word_1_626' title='bbox 1773 2378 1806 2410; x_wconf 72' lang='grc' dir='ltr'>δι</span> <span class='ocrx_word' id='word_1_627' title='bbox 1819 2374 1886 2408; x_wconf 87' lang='lat' dir='ltr'>do-</span> 
     </span>
     <span class='ocr_line' id='line_1_116' title="bbox 1094 2421 1885 2470; baseline -0.006 -9"><span class='ocrx_word' id='word_1_628' title='bbox 1094 2427 1164 2461; x_wconf 87' lang='lat' dir='ltr'>lum</span> <span class='ocrx_word' id='word_1_629' title='bbox 1178 2428 1241 2461; x_wconf 85' lang='lat' dir='ltr'>illis</span> <span class='ocrx_word' id='word_1_630' title='bbox 1251 2434 1385 2462; x_wconf 81' lang='lat' dir='ltr'>manum</span> <span class='ocrx_word' id='word_1_631' title='bbox 1405 2426 1541 2460; x_wconf 86' lang='lat' dir='ltr'>iniicere</span> <span class='ocrx_word' id='word_1_632' title='bbox 1551 2447 1563 2464; x_wconf 84' lang='lat'>,</span> <span class='ocrx_word' id='word_1_633' title='bbox 1580 2435 1651 2459; x_wconf 87' lang='lat' dir='ltr'>tum</span> <span class='ocrx_word' id='word_1_634' title='bbox 1662 2423 1733 2457; x_wconf 85' lang='lat' dir='ltr'>aliis</span> <span class='ocrx_word' id='word_1_635' title='bbox 1743 2421 1885 2470; x_wconf 88' lang='lat' dir='ltr'>quibus-</span> 
     </span>
     <span class='ocr_line' id='line_1_117' title="bbox 1095 2471 1886 2525; baseline -0.004 -14"><span class='ocrx_word' id='word_1_636' title='bbox 1095 2488 1226 2524; x_wconf 83' lang='lat' dir='ltr'>cunque</span> <span class='ocrx_word' id='word_1_637' title='bbox 1238 2475 1388 2525; x_wconf 85' lang='lat' dir='ltr'>obliquis</span> <span class='ocrx_word' id='word_1_638' title='bbox 1400 2473 1586 2510; x_wconf 86' lang='lat' dir='ltr'>rationibus</span> <span class='ocrx_word' id='word_1_639' title='bbox 1596 2472 1637 2507; x_wconf 92' lang='lat' dir='ltr'>ad</span> <span class='ocrx_word' id='word_1_640' title='bbox 1650 2471 1704 2508; x_wconf 84' lang='lat' dir='ltr'>illa</span> <span class='ocrx_word' id='word_1_641' title='bbox 1715 2483 1886 2521; x_wconf 48' lang='lat' dir='ltr'>occupanffl</span> 
     </span>
     <span class='ocr_line' id='line_1_118' title="bbox 1096 2525 1272 2561; baseline -0.011 0"><span class='ocrx_word' id='word_1_642' title='bbox 1096 2525 1137 2561; x_wconf 90' lang='lat' dir='ltr'>da</span> <span class='ocrx_word' id='word_1_643' title='bbox 1148 2526 1272 2560; x_wconf 85' lang='lat' dir='ltr'>conari.</span> 
     </span>
    </p>

    <p class='ocr_par' dir='ltr' id='par_1_50' title="bbox 1097 2569 1886 2672">
     <span class='ocr_line' id='line_1_119' title="bbox 1144 2569 1886 2610; baseline -0.004 -1"><span class='ocrx_word' id='word_1_644' title='bbox 1144 2575 1196 2609; x_wconf 88' lang='lat' dir='ltr'>M.</span> <span class='ocrx_word' id='word_1_645' title='bbox 1216 2572 1344 2610; x_wconf 80' lang='lat' dir='ltr'>Satisne</span> <span class='ocrx_word' id='word_1_646' title='bbox 1362 2572 1408 2610; x_wconf 87' lang='lat' dir='ltr'>est</span> <span class='ocrx_word' id='word_1_647' title='bbox 1419 2582 1536 2607; x_wconf 83' lang='lat' dir='ltr'>manus</span> <span class='ocrx_word' id='word_1_648' title='bbox 1545 2569 1709 2605; x_wconf 86' lang='lat' dir='ltr'>abstinere</span> <span class='ocrx_word' id='word_1_649' title='bbox 1724 2569 1743 2605; x_wconf 68' lang='grc' dir='ltr'>ὲ</span> <span class='ocrx_word' id='word_1_650' title='bbox 1755 2569 1886 2606; x_wconf 82' lang='lat' dir='ltr'>malefi-</span> 
     </span>
     <span class='ocr_line' id='line_1_120' title="bbox 1097 2617 1756 2672; baseline -0.011 -13"><span class='ocrx_word' id='word_1_651' title='bbox 1097 2625 1205 2660; x_wconf 77' lang='lat' dir='ltr'>ciozan</span> <span class='ocrx_word' id='word_1_652' title='bbox 1216 2623 1377 2672; x_wconf 80' lang='lat' dir='ltr'>cupiditas</span> <span class='ocrx_word' id='word_1_653' title='bbox 1390 2622 1488 2657; x_wconf 83' lang='lat' dir='ltr'>etiam</span> <span class='ocrx_word' id='word_1_654' title='bbox 1499 2617 1554 2654; x_wconf 78' lang='lat' dir='ltr'>hic</span> <span class='ocrx_word' id='word_1_655' title='bbox 1564 2619 1756 2654; x_wconf 79' lang='lat' dir='ltr'>damnatur?</span> 
     </span>
    </p>

    <p class='ocr_par' dir='ltr' id='par_1_51' title="bbox 1097 2667 1887 2960">
     <span class='ocr_line' id='line_1_121' title="bbox 1146 2667 1886 2718; baseline -0.005 -10"><span class='ocrx_word' id='word_1_656' title='bbox 1146 2676 1182 2708; x_wconf 87' lang='lat' dir='ltr'>P.</span> <span class='ocrx_word' id='word_1_657' title='bbox 1197 2674 1274 2708; x_wconf 87' lang='lat' dir='ltr'>Huc</span> <span class='ocrx_word' id='word_1_658' title='bbox 1286 2672 1411 2718; x_wconf 84' lang='lat' dir='ltr'>semper</span> <span class='ocrx_word' id='word_1_659' title='bbox 1421 2668 1468 2704; x_wconf 82' lang='lat' dir='ltr'>est</span> <span class='ocrx_word' id='word_1_660' title='bbox 1480 2668 1806 2715; x_wconf 87' lang='lat' dir='ltr'>redeundum:quum</span> <span class='ocrx_word' id='word_1_661' title='bbox 1817 2667 1886 2716; x_wconf 87' lang='lat' dir='ltr'>spi-</span> 
     </span>
     <span class='ocr_line' id='line_1_122' title="bbox 1097 2717 1886 2768; baseline -0.005 -12"><span class='ocrx_word' id='word_1_662' title='bbox 1097 2723 1227 2758; x_wconf 57' lang='lat' dir='ltr'>ritualis,</span> <span class='ocrx_word' id='word_1_663' title='bbox 1240 2721 1279 2758; x_wconf 82' lang='lat' dir='ltr'>sit</span> <span class='ocrx_word' id='word_1_664' title='bbox 1297 2717 1482 2768; x_wconf 72' lang='lat' dir='ltr'>Legissator</span> <span class='ocrx_word' id='word_1_665' title='bbox 1491 2741 1502 2757; x_wconf 93' lang='lat'>,</span> <span class='ocrx_word' id='word_1_666' title='bbox 1522 2729 1592 2752; x_wconf 89' lang='lat' dir='ltr'>non</span> <span class='ocrx_word' id='word_1_667' title='bbox 1611 2728 1743 2752; x_wconf 89' lang='lat' dir='ltr'>externa</span> <span class='ocrx_word' id='word_1_668' title='bbox 1752 2717 1886 2754; x_wconf 73' lang='lat' dir='ltr'>tantum</span> 
     </span>
     <span class='ocr_line' id='line_1_123' title="bbox 1098 2764 1886 2806; baseline -0.004 0"><span class='ocrx_word' id='word_1_669' title='bbox 1098 2769 1182 2806; x_wconf 69' lang='lat' dir='ltr'>furta</span> <span class='ocrx_word' id='word_1_670' title='bbox 1194 2782 1343 2806; x_wconf 86' lang='lat' dir='ltr'>coercere</span> <span class='ocrx_word' id='word_1_671' title='bbox 1354 2781 1430 2804; x_wconf 87' lang='lat' dir='ltr'>eum</span> <span class='ocrx_word' id='word_1_672' title='bbox 1447 2767 1543 2806; x_wconf 90' lang='lat' dir='ltr'>velle,</span> <span class='ocrx_word' id='word_1_673' title='bbox 1557 2764 1610 2802; x_wconf 90' lang='lat' dir='ltr'>sed</span> <span class='ocrx_word' id='word_1_674' title='bbox 1620 2767 1735 2802; x_wconf 86' lang='lat' dir='ltr'>omnia</span> <span class='ocrx_word' id='word_1_675' title='bbox 1747 2765 1842 2801; x_wconf 72' lang='lat' dir='ltr'>simul</span> <span class='ocrx_word' id='word_1_676' title='bbox 1851 2768 1886 2803; x_wconf 85' lang='lat'>&amp;</span> 
     </span>
     <span class='ocr_line' id='line_1_124' title="bbox 1098 2815 1887 2864; baseline -0.005 -9"><span class='ocrx_word' id='word_1_677' title='bbox 1098 2819 1235 2855; x_wconf 81' lang='lat' dir='ltr'>consilia</span> <span class='ocrx_word' id='word_1_678' title='bbox 1245 2824 1274 2856; x_wconf 77' lang='grc' dir='ltr'>δι</span> <span class='ocrx_word' id='word_1_679' title='bbox 1287 2817 1392 2855; x_wconf 85' lang='lat' dir='ltr'>studia</span> <span class='ocrx_word' id='word_1_680' title='bbox 1406 2839 1418 2857; x_wconf 84' lang='lat'>,</span> <span class='ocrx_word' id='word_1_681' title='bbox 1431 2826 1502 2864; x_wconf 80' lang='lat' dir='ltr'>quae</span> <span class='ocrx_word' id='word_1_682' title='bbox 1514 2815 1586 2850; x_wconf 86' lang='lat' dir='ltr'>aliis</span> <span class='ocrx_word' id='word_1_683' title='bbox 1597 2816 1741 2853; x_wconf 88' lang='lat' dir='ltr'>omnino</span> <span class='ocrx_word' id='word_1_684' title='bbox 1753 2815 1887 2851; x_wconf 88' lang='lat' dir='ltr'>incom-</span> 
     </span>
     <span class='ocr_line' id='line_1_125' title="bbox 1098 2863 1884 2916; baseline -0.005 -11"><span class='ocrx_word' id='word_1_685' title='bbox 1098 2870 1236 2905; x_wconf 84' lang='lat' dir='ltr'>modent</span> <span class='ocrx_word' id='word_1_686' title='bbox 1245 2883 1254 2904; x_wconf 73' lang='grc' dir='ltr'>ι</span> <span class='ocrx_word' id='word_1_687' title='bbox 1263 2878 1360 2916; x_wconf 85' lang='lat' dir='ltr'>atque</span> <span class='ocrx_word' id='word_1_688' title='bbox 1368 2864 1467 2914; x_wconf 80' lang='lat' dir='ltr'>ipsam</span> <span class='ocrx_word' id='word_1_689' title='bbox 1478 2865 1513 2900; x_wconf 87' lang='lat' dir='ltr'>in</span> <span class='ocrx_word' id='word_1_690' title='bbox 1525 2866 1642 2911; x_wconf 84' lang='lat' dir='ltr'>primis</span> <span class='ocrx_word' id='word_1_691' title='bbox 1655 2863 1884 2912; x_wconf 81' lang='lat' dir='ltr'>cupiditatem:</span> 
     </span>
     <span class='ocr_line' id='line_1_126' title="bbox 1098 2911 1882 2960; baseline -0.006 -7"><span class='ocrx_word' id='word_1_692' title='bbox 1098 2931 1140 2953; x_wconf 90' lang='lat' dir='ltr'>ne</span> <span class='ocrx_word' id='word_1_693' title='bbox 1149 2916 1304 2953; x_wconf 85' lang='lat' dir='ltr'>ditescere</span> <span class='ocrx_word' id='word_1_694' title='bbox 1315 2929 1390 2953; x_wconf 85' lang='lat' dir='ltr'>curn</span> <span class='ocrx_word' id='word_1_695' title='bbox 1401 2915 1522 2950; x_wconf 49' lang='lat' dir='ltr'>iactura</span> <span class='ocrx_word' id='word_1_696' title='bbox 1535 2911 1669 2950; x_wconf 85' lang='lat' dir='ltr'>fratrum</span> <span class='ocrx_word' id='word_1_697' title='bbox 1680 2924 1882 2960; x_wconf 82' lang='lat' dir='ltr'>expetamus.</span> 
     </span>
    </p>

    <p class='ocr_par' dir='ltr' id='par_1_52' title="bbox 1097 2962 1886 3064">
     <span class='ocr_line' id='line_1_127' title="bbox 1146 2962 1886 3016; baseline -0.008 -12"><span class='ocrx_word' id='word_1_698' title='bbox 1146 2968 1197 3004; x_wconf 90' lang='lat' dir='ltr'>M.</span> <span class='ocrx_word' id='word_1_699' title='bbox 1218 2966 1313 3016; x_wconf 83' lang='lat' dir='ltr'>Qid</span> <span class='ocrx_word' id='word_1_700' title='bbox 1328 2977 1410 3014; x_wconf 88' lang='lat' dir='ltr'>ergo</span> <span class='ocrx_word' id='word_1_701' title='bbox 1421 2963 1587 3013; x_wconf 84' lang='lat' dir='ltr'>agendum</span> <span class='ocrx_word' id='word_1_702' title='bbox 1597 2962 1655 3003; x_wconf 86' lang='lat' dir='ltr'>est,</span> <span class='ocrx_word' id='word_1_703' title='bbox 1673 2973 1709 2998; x_wconf 84' lang='lat' dir='ltr'>vt</span> <span class='ocrx_word' id='word_1_704' title='bbox 1717 2974 1886 3011; x_wconf 85' lang='lat' dir='ltr'>praecepto</span> 
     </span>
     <span class='ocr_line' id='line_1_128' title="bbox 1097 3019 1285 3064; baseline -0.011 -13"><span class='ocrx_word' id='word_1_705' title='bbox 1097 3019 1285 3064; x_wconf 84' lang='lat' dir='ltr'>pareamus?</span> 
     </span>
    </p>

    <p class='ocr_par' dir='ltr' id='par_1_53' title="bbox 1097 3057 1884 3150">
     <span class='ocr_line' id='line_1_129' title="bbox 1146 3057 1884 3110; baseline -0.011 -10"><span class='ocrx_word' id='word_1_706' title='bbox 1146 3068 1183 3100; x_wconf 89' lang='lat' dir='ltr'>P.</span> <span class='ocrx_word' id='word_1_707' title='bbox 1215 3063 1336 3102; x_wconf 86' lang='lat' dir='ltr'>Danda</span> <span class='ocrx_word' id='word_1_708' title='bbox 1347 3062 1393 3099; x_wconf 87' lang='lat' dir='ltr'>est</span> <span class='ocrx_word' id='word_1_709' title='bbox 1405 3073 1507 3110; x_wconf 89' lang='lat' dir='ltr'>opera</span> <span class='ocrx_word' id='word_1_710' title='bbox 1518 3082 1528 3100; x_wconf 83' lang='lat'>‚</span> <span class='ocrx_word' id='word_1_711' title='bbox 1541 3070 1577 3095; x_wconf 91' lang='lat' dir='ltr'>vt</span> <span class='ocrx_word' id='word_1_712' title='bbox 1589 3059 1681 3096; x_wconf 85' lang='lat' dir='ltr'>suurn</span> <span class='ocrx_word' id='word_1_713' title='bbox 1692 3057 1884 3106; x_wconf 82' lang='lat' dir='ltr'>cuiquesal-</span> 
     </span>
     <span class='ocr_line' id='line_1_130' title="bbox 1097 3112 1233 3150; baseline -0.015 0"><span class='ocrx_word' id='word_1_714' title='bbox 1097 3127 1174 3150; x_wconf 89' lang='lat' dir='ltr'>uum</span> <span class='ocrx_word' id='word_1_715' title='bbox 1182 3112 1233 3149; x_wconf 82' lang='lat' dir='ltr'>iit.</span> 
     </span>
    </p>

    <p class='ocr_par' dir='ltr' id='par_1_54' title="bbox 1144 3156 1746 3208">
     <span class='ocr_line' id='line_1_131' title="bbox 1144 3156 1746 3208; baseline -0.012 -9"><span class='ocrx_word' id='word_1_716' title='bbox 1144 3162 1196 3199; x_wconf 90' lang='lat' dir='ltr'>M.</span> <span class='ocrx_word' id='word_1_717' title='bbox 1215 3163 1357 3199; x_wconf 88' lang='lat' dir='ltr'>Nonum</span> <span class='ocrx_word' id='word_1_718' title='bbox 1369 3170 1566 3208; x_wconf 67' lang='lat' dir='ltr'>praeceptum</span> <span class='ocrx_word' id='word_1_719' title='bbox 1579 3157 1672 3205; x_wconf 88' lang='lat' dir='ltr'>quod</span> <span class='ocrx_word' id='word_1_720' title='bbox 1682 3156 1746 3193; x_wconf 80' lang='lat' dir='ltr'>est?</span> 
     </span>
    </p>

    <p class='ocr_par' dir='ltr' id='par_1_55' title="bbox 1143 3207 1884 3269">
     <span class='ocr_line' id='line_1_132' title="bbox 1143 3207 1884 3269; baseline -0.011 -22"><span class='ocrx_word' id='word_1_721' title='bbox 1143 3215 1181 3247; x_wconf 88' lang='lat' dir='ltr'>P.</span> <span class='ocrx_word' id='word_1_722' title='bbox 1206 3212 1292 3249; x_wconf 89' lang='lat' dir='ltr'>Non</span> <span class='ocrx_word' id='word_1_723' title='bbox 1317 3211 1379 3245; x_wconf 77' lang='lat' dir='ltr'>eris</span> <span class='ocrx_word' id='word_1_724' title='bbox 1404 3207 1554 3269; x_wconf 67' lang='lat' dir='ltr'>aduersus</span> <span class='ocrx_word' id='word_1_725' title='bbox 1576 3207 1769 3255; x_wconf 83' lang='lat' dir='ltr'>proximum</span> <span class='ocrx_word' id='word_1_726' title='bbox 1790 3214 1884 3240; x_wconf 85' lang='lat' dir='ltr'>tuum</span> 
     </span>
    </p>
   </div>
   <div class='ocr_carea' id='block_1_19' title="bbox 1097 3258 1881 3351">
    <p class='ocr_par' dir='ltr' id='par_1_56' title="bbox 1097 3258 1881 3351">
     <span class='ocr_line' id='line_1_133' title="bbox 1097 3258 1354 3297; baseline -0.016 -1"><span class='ocrx_word' id='word_1_727' title='bbox 1097 3260 1189 3297; x_wconf 82' lang='lat' dir='ltr'>testis</span> <span class='ocrx_word' id='word_1_728' title='bbox 1201 3258 1354 3297; x_wconf 81' lang='lat' dir='ltr'>mendax.</span> 
     </span>
     <span class='ocr_line' id='line_1_134' title="bbox 1722 3304 1881 3351; baseline -0.025 -11"><span class='ocrx_word' id='word_1_729' title='bbox 1722 3304 1774 3340; x_wconf 90' lang='grc' dir='ltr'><strong>Μ.</strong></span> <span class='ocrx_word' id='word_1_730' title='bbox 1794 3305 1881 3351; x_wconf 62' lang='lat' dir='ltr'>Pro:</span> 
     </span>
    </p>
   </div>
   <div class='ocr_carea' id='block_1_20' title="bbox 1897 1522 2012 1600">
    <p class='ocr_par' dir='ltr' id='par_1_57' title="bbox 1897 1522 2012 1600">
     <span class='ocr_line' id='line_1_135' title="bbox 1897 1522 2012 1560; baseline 0 -8"><span class='ocrx_word' id='word_1_731' title='bbox 1897 1534 1920 1553; x_wconf 84' lang='lat'>1.</span> <span class='ocrx_word' id='word_1_732' title='bbox 1929 1522 2012 1560; x_wconf 53' lang='grc' dir='ltr'>(Ἓν-,ᾖ</span> 
     </span>
     <span class='ocr_line' id='line_1_136' title="bbox 1897 1569 2012 1600; baseline 0.009 -7"><span class='ocrx_word' id='word_1_733' title='bbox 1897 1569 1973 1600; x_wconf 63' lang='lat'>162&amp;</span> <span class='ocrx_word' id='word_1_734' title='bbox 1982 1571 2012 1594; x_wconf 77' lang='lat'>6.</span> 
     </span>
    </p>
   </div>
  </div>
 </body>
</html>
