2113 3674
762 197 1176 234 EPISTOLA
1240 200 1268 236 1.

189 260 327 298 eluceat,
340 256 444 293 solum
461 256 640 292 Christiani
652 259 789 293 nomine
800 259 937 306 dignum
950 263 982 295 &

187 308 390 356 agnoscant,
409 310 443 341 ὃς
469 307 658 353 praedicent.
687 308 827 342 Talibus
839 307 980 342 obice-”tis

188 357 269 404 quid
281 368 351 392 tum
366 355 592 400 responderim
605 379 614 395 ‚
633 356 728 391 testes
739 358 785 390 illi
798 355 881 390 mihi
894 356 980 396 sunt,

187 417 273 453 quos
284 405 372 439 dico.
397 403 525 438 Verum
551 407 709 452 quoniam
731 407 909 439 nonnullos
921 429 930 443 ‚
944 416 979 440 νε

187 455 272 493 dixi,
304 452 373 488 fore
385 451 550 499 prospicio
563 477 574 493 ,
596 455 652 500 qui
665 466 751 487 nunc
764 466 899 501 quoque
909 466 977 488 non

187 501 387 538 dissimiliter
399 513 459 535 nos
468 502 648 548 accipiant:
662 503 720 536 hac
732 500 782 537 sua
797 504 977 538 ratiocina-

184 553 281 587 tione
293 564 404 599 parum
419 548 449 584 sc
460 550 623 597 proficere
634 575 644 591 ‚
659 563 694 585 vt
705 552 890 600 intelligant
902 575 911 591 ‚
926 550 976 586 fa-

185 602 315 636 cocurum
329 613 381 634 me
392 599 496 646 spero.
522 599 589 633 Eos
600 600 702 648 igitur
712 613 828 634 omnes
841 600 969 639 hortor,

184 649 382 697 primum,vt
394 649 488 682 omni
502 649 722 683 contentione
735 648 850 696 posita,
866 648 974 684 secum

185 698 372 746 dispiciant,
385 708 466 732 num
484 709 544 743 pro
556 695 645 731 facili
656 698 788 744 leuique
801 697 922 732 deheio
936 697 974 732 sit

183 747 384 784 ducendum,
401 757 470 792 quo
481 746 594 779 Paulus
608 747 798 780 Dominum
807 745 845 780 ad
861 749 974 794 pugna

183 795 359 843 prouocari
371 817 381 834 ‚
403 806 471 840 quo
481 793 630 828 aduersus
653 795 820 830 Christum
832 797 971 842 peccari,

181 857 251 891 quo
262 842 376 878 mensae
386 844 627 877 daemoniorum
638 844 890 883 communicari,
904 854 972 891 quo

181 892 309 928 Christi
322 889 464 926 mensam
479 892 641 938 repudiari
654 893 802 929 tradit.,Si
813 893 900 926 leues
911 895 971 932 illi,

180 940 337 989 facilique
349 941 442 989 digni
459 942 554 975 venia
571 939 695 988 lapsus:
710 941 844 990 flagitiis
855 954 891 976 ac
903 941 970 977 sce-

181 990 302 1026 leribus
314 989 514 1024 definiendis
533 1013 542 1028 ,
555 1001 625 1036 quae
638 991 736 1037 digna
751 991 884 1025 tandem
897 1003 972 1025 ver-

181 1039 304 1075 borum
325 1039 464 1086 grauitas
479 1040 680 1085 reperietur?
702 1041 779 1073 Huc
799 1039 820 1074 si
832 1038 971 1086 oblique

181 1089 251 1124 illas
275 1088 364 1122 Pauli
389 1087 642 1135 obiurgationes
662 1087 852 1135 detorqueri
865 1088 969 1128 aiunt,

180 1138 251 1184 quo
263 1137 365 1185 igitur
379 1136 478 1183 dirigi
491 1133 708 1182 poss'untmon
725 1138 835 1171 video.
864 1139 971 1172 Acer-

181 1185 261 1220 bum
274 1187 366 1221 illum
380 1184 496 1230 stylum
510 1185 544 1218 in
561 1197 618 1219 eos
640 1183 841 1232 stringebat,
859 1185 917 1231 qui
931 1185 970 1221 ad

180 1235 323 1269 edendas
335 1233 514 1268 hostiarum
530 1234 693 1281 reliquiaS,
705 1232 792 1269 festis
801 1234 969 1269 idolorum

179 1284 284 1330 epulis
293 1280 485 1316 affidebant.
509 1283 621 1317 Deum
634 1281 690 1330 ipsi
706 1282 746 1317 de
759 1279 970 1317 conscientiae

179 1329 240 1366 suae
253 1332 446 1366 innocentia
456 1330 678 1366 testabantur:
695 1331 970 1378 quandoquidem

180 1391 373 1427 contempta
393 1380 557 1414 Gentium
581 1380 725 1414 vanitate
743 1403 753 1418 ,
773 1379 858 1414 nihil
881 1380 970 1415 aliud

179 1430 280 1477 quam
296 1427 500 1463 vescerentur
517 1429 606 1475 puris
616 1429 685 1463 Dei
701 1430 853 1464 creaturis
867 1450 877 1468 ‚
888 1441 968 1477 quas

178 1479 332 1514 oratione
345 1490 381 1512 ac
395 1481 568 1526 gratiarum
578 1478 709 1512 afflone
729 1476 921 1513 sanffificari
933 1479 968 1512 in

178 1527 328 1562 fidelium
344 1525 435 1562 vsum
447 1524 585 1561 nossent.
610 1525 804 1573 Exeipiebat
821 1527 875 1561 ille
885 1539 968 1561 con-

179 1573 426 1616 tra,c0nsessum
439 1576 533 1610 illurn
544 1574 742 1612 infidelium,
752 1575 791 1610 ad
805 1574 967 1610 simulacri

179 1626 306 1660 cultum
319 1622 665 1660 conuenire:·s01enne
675 1624 757 1659 illud
768 1624 968 1671 epulsnidoli

176 1676 316 1710 nomine
327 1674 497 1721 gratiaque
515 1672 716 1708 institutum.
739 1675 780 1707 In
799 1686 833 1708 ea
845 1685 924 1720 ergo
934 1678 968 1710 &

177 1734 363 1758 conuentus
381 1727 413 1758 &
434 1722 522 1769 epuli
541 1720 729 1756 celebritate
747 1723 804 1769 qui
823 1721 961 1762 sederet,

177 1782 346 1819 vteunque
363 1772 524 1806 animatus
544 1770 630 1818 apud
643 1768 671 1805 se
692 1768 785 1810 esset,
808 1770 841 1805 id
854 1781 965 1806 tamen

176 1822 403 1859 committere,
417 1820 504 1854 vnde
516 1824 548 1855 &
561 1818 965 1855 idololatrarumludibrio

171 1867 246 1904 Dei
257 1868 362 1914 gloria
370 1872 635 1915 exponeretur‚&
647 1867 820 1902 imbecillae
831 1866 966 1903 fratrum

173 1917 383 1952 conscientiae
395 1915 766 1963 subuerterenturequod
777 1921 810 1952 ἃ
824 1917 871 1952 illi
880 1930 964 1953 con—

175 1965 298 2001 sortem
322 1967 363 2002 ad
385 1964 548 2000 simulacri
572 1964 618 2000 sui
640 1968 764 2000 cultum
787 1965 906 2000 habere
933 1965 965 2001 se

176 2014 399 2050 Christianum
411 2013 585 2049 hominem
596 2025 805 2049 autumarent
815 2038 824 2054 ‚
842 2028 876 2049 ac
886 2016 964 2062 glo—

176 2064 337 2098 riarentur
347 2075 356 2098 t
368 2067 401 2100 &
419 2062 455 2098 hi
465 2064 533 2098 eius
546 2065 699 2111 exemplo
709 2063 748 2098 ad
760 2064 849 2098 idem
861 2076 962 2112 agen-

176 2112 272 2151 dum,
280 2123 467 2159 quanquam
478 2122 616 2146 nutante
627 2111 866 2160 vacillanteque
877 2125 961 2147 con-

175 2159 313 2195 scientia
331 2183 344 2199 ‚
358 2160 495 2195 audaces
515 2160 644 2196 fierent.
665 2160 759 2209 Qd
782 2174 890 2197 autem
909 2161 961 2196 isti

175 2209 303 2244 nostri?
325 2209 379 2242 Ad
393 2206 522 2243 Missam
534 2231 546 2247 ‚
564 2221 661 2256 quam
678 2210 783 2258 longo
802 2209 961 2258 varioque

173 2257 420 2304 sacrilegiorum
444 2267 598 2303 apparatu
617 2257 811 2294 instructam
832 2260 960 2299 vident,

174 2307 382 2343 conueniunt
395 2310 446 2341 :&
468 2305 673 2340 conueniunt
684 2318 757 2341 cum
769 2309 960 2343 multitudi-

171 2368 218 2391 ne
228 2380 238 2396 ‚
252 2367 350 2403 quam
373 2351 552 2401 perniciosa
562 2351 664 2388 Miffae
682 2353 884 2401 persuasione
893 2357 959 2392 mi-

172 2403 242 2440 sere
252 2402 443 2438 infatuatam
453 2414 588 2438 norunt.
601 2402 706 2438 Cuius
721 2413 830 2438 tamen
844 2403 886 2439 fic
897 2417 960 2440 cae-

172 2454 310 2489 citatem
336 2449 671 2499 superstitionemque
689 2453 776 2485 intus
802 2451 960 2488 miseran-

172 2514 279 2543 tur‚vt
291 2502 428 2536 exterius
439 2501 622 2534 imitentur.
636 2504 755 2535 Panem
768 2513 866 2547 quem
880 2502 959 2535 ido-

170 2551 242 2587 lum
254 2551 388 2598 reliquis
396 2547 456 2584 esse
466 2547 570 2584 sciunt
579 2572 589 2588 ‚
602 2548 696 2584 simul
707 2562 780 2583 cum
791 2550 854 2583 illis
867 2547 957 2585 νηό-

171 2613 238 2648 que
249 2599 340 2648 gestu
351 2608 556 2633 venerantur.
583 2600 636 2634 An
648 2611 716 2632 non
727 2597 779 2633 hic
788 2603 820 2634 &
831 2597 957 2634 Christi

172 2661 304 2684 crucem
320 2647 406 2695 apud
421 2648 490 2680 eius
504 2647 661 2682 inimicos
679 2647 862 2682 deridiculo
875 2660 957 2694 pro-

170 2697 313 2734 stituunt
323 2721 332 2737 ,
343 2701 376 2733 &
388 2695 597 2730 infirmorum
605 2693 738 2730 fratrum
754 2695 956 2732 haesitantem

170 2746 417 2794 simplicitatem
440 2745 592 2791 exemplo
611 2742 668 2779 suo
689 2744 728 2779 ad
752 2745 954 2780 imitandum

167 2796 387 2832 concutiunt?
398 2795 482 2829 Non
492 2791 648 2841 estigitut
655 2806 712 2829 cur
721 2792 798 2828 hinc
806 2793 825 2828 s
821 2806 867 2828 uae
879 2807 955 2842 pre-s

169 2845 366 2881 uaricationi
386 2843 533 2877 molliter
548 2840 759 2878 blandiantur
775 2867 786 2882 ‚
806 2843 955 2878 aduersus

168 2907 268 2942 quam
277 2892 371 2929 tanto
383 2891 561 2926 verborum
579 2888 719 2926 fulmine
739 2892 891 2926 exardere
903 2895 954 2927 A-

167 2942 337 2991 postolum
351 2941 479 2976 vident.
492 2939 597 2986 Qid,
609 2940 701 2987 quod
715 2941 732 2975 a
743 2939 953 2988 profeffisiu-

167 2990 311 3039 ratisque
333 2989 458 3026 Christi
477 2993 509 3026 &
525 2989 699 3036 Euangelij
718 2990 786 3023 eius
804 2989 953 3034 aduersa-¹

167 3041 224 3076 tiis
237 3064 248 3080 ‚
259 3040 324 3075 hoc
334 3039 436 3074 veluti
450 3039 567 3086 pignus
577 3037 778 3085 abnegandae
789 3050 870 3073 verae
881 3041 953 3085 pie-1

168 3091 246 3125 tatis
259 3089 300 3124 de
311 3088 341 3124 sc
356 3089 442 3136 exigi
468 3086 682 3134 intelligunt?
704 3087 772 3121 Hic
784 3088 879 3121 enim.
887 3088 952 3122 illis

167 3137 273 3173 hodie
282 3139 320 3172 ad
330 3136 562 3184 explorandam
577 3133 826 3182 vniuscuiusque
835 3135 951 3177 fidem,

166 3187 248 3233 lapis
258 3187 381 3233 Lydius
395 3185 453 3225 est,
467 3183 594 3220 curiose
604 3182 776 3218 obseruare
785 3185 858 3231 quis
867 3184 951 3220 Mis·

168 3233 234 3269 sam
244 3236 372 3273 audiat,
384 3234 490 3269 ne'cne
500 3249 508 3269 :
519 3245 554 3267 νε
563 3234 596 3267 in
608 3245 675 3266 vno
686 3232 785 3268 Missae
797 3235 884 3268 cultu
901 3245 949 3270 ta-

167 3283 268 3319 citam
279 3282 387 3327 nescio
403 3295 503 3332 quam
524 3280 759 3330 professionem
774 3284 951 3332 accipiant,

1774 214 1824 252 561

1030 260 1136 304 quain
1150 260 1313 296 vniuersas
1337 261 1406 297 suas
1427 261 1696 300 abominationes
1714 264 1812 302 semel

1029 307 1171 341 iuretur:
1196 311 1291 344 vnius
1309 311 1408 346 Miffae
1422 325 1617 360 contemptu
1629 338 1639 353 ‚
1664 327 1816 351 corruere

1028 353 1155 390 easdem
1167 361 1197 392 δι
1210 358 1342 394 interire
1356 361 1553 396 existiment.
1582 363 1818 410 Respondeant

1026 415 1113 437 nunc
1132 404 1215 453 mihi
1229 406 1316 441 bona
1334 408 1399 444 fide
1419 410 1469 445 issi
1491 411 1658 447 Miss'arum
1677 414 1813 453 alumni,

1025 451 1220 499 quibuscum
1234 455 1316 490 mihi
1338 459 1472 504 quaestio
1487 462 1527 494 cst
1541 484 1551 500 ‚
1565 461 1650 500 dum
1666 463 1815 509 capitali-

1025 500 1084 535 bus
1096 501 1188 536 verbi
1205 504 1271 537 Dei
1283 504 1474 542 hostibusid
1492 512 1704 550 concedunt,
1721 512 1814 558 quod

1023 549 1282 586 illisabiurandae
1303 565 1384 588 verae
1404 557 1574 604 religionis
1589 558 1738 605 symbols]
1753 559 1814 595 csse

1022 611 1090 633 non
1104 600 1314 648 ignoranttan
1330 616 1398 638 non
1413 604 1550 643 hoc‚ceu
1565 609 1643 646 dato
1657 610 1810 656 pignore,

1022 648 1154 683 illorum
1165 644 1227 683 sese
1242 651 1414 692 execrabili
1429 654 1590 700 religione
1607 652 1809 705 obligant-nc

1021 697 1234 732 deuinciunt?
1249 698 1433 737 Nonienim
1447 702 1509 735 iam
1523 706 1698 752 qualisipss
1713 706 1811 753 perse

1020 745 1059 781 sit
1077 745 1178 780 Miisae
1198 747 1362 785 audientia
1383 773 1394 788 ‚
1417 749 1688 788 considerandum
1703 755 1809 794 solfim

1013 795 1167 835 2dico,sed
1180 808 1338 843 quantum
1353 800 1508 844 ponderis
1521 813 1593 834 cum
1607 801 1666 836 suis
1679 805 1812 842 circun—

1015 845 1144 880 ‚stantiis
1155 844 1294 891 appensa
1309 846 1413 881 secum
1430 845 1522 882 ferat.
1540 851 1809 886 AEstimandiau-

1014 900 1087 928 <tem
1097 894 1180 930 tanti
1194 892 1309 929 censeo
1322 919 1331 934 ‚
1347 899 1471 943 quantit
1484 899 1664 944 impiorum
1678 901 1808 947 impro-

1020 941 1116 977 bitati
1127 943 1160 976 in
1172 954 1208 976 ea
1219 943 1295 977 dare
1308 946 1435 980 volunt.
1451 947 1496 981 Sit
1512 946 1610 981 nobis
1625 949 1677 982 ille
1689 950 1721 982 in
1734 948 1810 984 exe*-

1014 992 1110 1038 ,plum
1119 991 1298 1028 Eleazarus,
1317 994 1356 1026 de
1373 1007 1439 1041 quo
1454 995 1721 1033 Machabaeorum
1733 1011 1805 1033 nar-

1020 1051 1066 1074 rat
1077 1039 1225 1075 historia:
1241 1041 1292 1074 illa
1305 1041 1384 1076 item
1398 1066 1407 1080 ‚
1419 1055 1489 1090 quae
1513 1043 1638 1083 ibidem
1650 1044 1800 1088 refertur,

1019 1089 1137 1124 mulier
1148 1096 1220 1124 cum
1240 1087 1362 1136 septem
1381 1091 1440 1126 suis
1459 1091 1548 1130 filiis.
1577 1094 1707 1131 Omnes
1730 1095 1804 1130 cnm

1020 1139 1193 1185 pauxillum
1207 1136 1303 1173 suillae
1317 1141 1420 1173 carnis
1431 1143 1704 1188 gmiandomiram
1716 1145 1804 1179 redi-

1019 1199 1105 1221 mere
1117 1185 1254 1234 possent,
1270 1199 1432 1223 extremos
1447 1189 1551 1225 subire
1563 1192 1722 1229 cruciatus
1735 1206 1806 1228 ma-

1019 1235 1149 1270 luerunt
1159 1258 1169 1274 ‚
1180 1236 1279 1283 quam
1292 1238 1359 1270 eius
1371 1235 1516 1284 saporem
1528 1263 1535 1277 ‚
1555 1241 1675 1288 linguae
1687 1242 1807 1276 admo-

1019 1297 1105 1319 uere.
1129 1286 1250 1332 Qm'i
1259 1287 1412 1320 omnium
1427 1286 1447 1320 si
1471 1286 1588 1322 factum
1606 1291 1807 1336 perseipsum

1018 1331 1164 1380 speciem
1182 1346 1295 1380 parum
1307 1333 1412 1369 aberit
1426 1337 1507 1382 quin
1519 1337 1580 1371 tibi
1592 1339 1625 1372 in
1639 1351 1808 1385 oppeten-

1019 1382 1058 1416 da
1069 1381 1166 1429 vsque
1176 1395 1216 1416 eo
1229 1383 1350 1418 temere
1364 1394 1489 1423 morte,
1509 1384 1655 1421 insanisse
1669 1390 1808 1422 videan-

1019 1441 1083 1465 tur:
1102 1431 1148 1466 sin
1164 1431 1289 1466 causam
1303 1432 1481 1481 diligenter
1491 1437 1668 1480 expendaS‚
1684 1436 1808 1484 grauis-

1012 1479 1130 1517 simam
1145 1478 1236 1515 fuisse
1254 1482 1577 1517 rationeininuenics
1592 1507 1601 1521 ,
1620 1498 1674 1518 cur
1693 1487 1729 1520 ad
1752 1485 1809 1520 sae-

1017 1526 1140 1563 uiffima
1154 1527 1294 1577 quaeque
1317 1527 1506 1576 perferenda
1530 1533 1670 1578 supplica
1694 1535 1808 1570 darent

1019 1578 1132 1624 potius
1141 1575 1204 1612 sese
1216 1600 1226 1618 ‚
1238 1578 1336 1624 quam
1348 1578 1518 1614 interdicti
1541 1581 1606 1616 cibi
1619 1581 1711 1628 gustu
1724 1594 1809 1616 con-

1016 1627 1226 1661 taminarent.
1250 1629 1369 1665 Fateor
1385 1628 1418 1662 in
1429 1627 1526 1663 suillae
1537 1629 1588 1664 esu
1609 1630 1715 1664 nihilo
1731 1629 1808 1667 fuis-

1011 1672 1046 1711 se
1064 1675 1272 1722 aliopquipsus
1293 1676 1485 1724 religioni&
1506 1679 1605 1725 qnam
1622 1679 1656 1712 in
1667 1681 1809 1713 mandu-

1015 1724 1127 1758 caudis
1140 1723 1281 1770 panibus
1295 1725 1548 1773 propositionis:
1566 1726 1685 1774 quibus
1699 1739 1808 1763 tamen

1014 1780 1187 1820 Vrgentem
1219 1772 1339 1807 famem
1372 1775 1534 1821 depellere
1563 1777 1691 1811 Dauidi
1717 1778 1807 1812 nullo

1013 1821 1144 1868 piaculo
1160 1822 1274 1857 licuit.
1303 1822 1431 1861 Verum
1448 1823 1524 1859 ‚cum
1547 1825 1670 1871 impius
1693 1836 1803 1871 tyran--

1012 1881 1074 1914 nus
1086 1892 1096 1909 ‚
1115 1870 1252 1917 quinon
1266 1872 1334 1905 Dei
1350 1873 1476 1919 Legem
1498 1873 1604 1907 modo
1625 1873 1799 1914 abolitam,

1012 1915 1067 1953 sed
1079 1931 1202 1953 nomen
1215 1931 1349 1966 quoque
1362 1919 1490 1966 penitus
1500 1922 1679 1956 extinctum
1692 1924 1807 1970 cupie-

1011 1966 1068 2001 bat
1080 1988 1090 2006 ‚
1101 1968 1162 2002 illis
1174 1967 1308 2002 instaret
1318 1991 1328 2006 ,
1342 1979 1376 2002 vt
1390 1967 1454 2004 hoc
1475 1968 1627 2016 symbolo
1638 1970 1678 2005 ab
1691 1972 1806 2006 obser..

1011 2018 1146 2050 natione
1158 2016 1310 2051 Mosaicae
1324 2018 1424 2065 Legis
1437 2017 1578 2053 deficere
1599 2021 1628 2054 se
1640 2021 1798 2056 testaren-

1011 2064 1292 2112 tur‚reputabant‚
1307 2066 1340 2100 id
1353 2065 1445 2113 quod
1457 2079 1505 2100 res
1519 2080 1598 2108 erat,
1611 2082 1678 2103 non
1695 2071 1728 2104 in
1742 2082 1804 2105 vna

1011 2114 1142 2149 dtitaxat
1154 2114 1422 2154 caeremoniola‚si
1436 2114 1708 2164 obsequerentur,
1725 2120 1802 2153 vio-

1009 2163 1112 2198 latum
1123 2163 1162 2198 iri
1173 2161 1229 2198 ase
1241 2165 1376 2211 Legem:
1391 2163 1442 2198 sed
1454 2165 1580 2200 editum
1597 2167 1636 2201 iri
1649 2167 1800 2202 testimo-

1009 2213 1116 2250 nium,
1126 2225 1194 2259 quo
1207 2214 1318 2250 Deum
1331 2224 1404 2246 cum
1416 2214 1563 2248 vniuerfii
1574 2213 1625 2250 suu
1637 2219 1727 2263 Lege
1737 2216 1799 2251 ab-

1008 2271 1178 2308 negarent.
1206 2263 1286 2308 Q
1297 2258 1419 2296 faetum
1428 2261 1524 2303 cst‚Vt
1536 2263 1611 2298 cum
1629 2263 1737 2299 saneto
1750 2266 1798 2300 illi

1007 2311 1081 2344 viro
1093 2308 1134 2343 ab
1144 2309 1258 2343 amicis
1267 2321 1377 2344 carnes
1389 2311 1456 2344 aliae
1466 2310 1798 2360 supponeretur‚quas'

1821 1005 1911 1045 hftfil’·

1821 1052 1846 1076 in
1856 1051 1933 1077 llbeHO

1820 1089 1849 1117 de
1860 1095 1925 1117 ma—

1820 1130 1888 1157 (hab.
1897 1136 1932 1163 (9·

1820 1176 1931 1199 1..ΙᾺΔ,6

1007 2370 1069 2403 pro
1083 2355 1184 2392 suillis
1195 2358 1325 2397 ederet,
1342 2370 1383 2393 ne
1394 2370 1429 2393 ea
1439 2361 1573 2407 quidem
1589 2361 1798 2397 simulatione
1834 2367 1835 2370 ’

1007 2405 1092 2441 elabi
1103 2405 1402 2454 sustinuerit‚quod
1416 2409 1550 2444 videbat
1563 2411 1697 2444 ean'dem
1708 2411 1794 2446 sem-

1006 2466 1065 2501 per
1082 2455 1150 2489 Dei
1166 2453 1353 2490 aduersariis
1367 2455 1574 2505 blasphemiae'
1594 2457 1738 2493 tesseram
1765 2457 1796 2494 se

1006 2503 1172 2537 daturum.
1182 2504 1265 2539 Non
1277 2503 1459 2546 est,aiebat,
1470 2508 1555 2542 etati
1566 2506 1681 2541 nostrae
1690 2509 1794 2543 deco-

1005 2551 1232 2600 rum,s·ingere:
1241 2553 1309 2601 quo
1321 2555 1416 2589 multi
1429 2554 1647 2590 adolescentes
1659 2557 1794 2592 Eleaza-

1004 2613 1075 2635 rum
1085 2604 1357 2650 nonagenarium,
1369 2604 1408 2639 ad
1422 2606 1523 2638 vitam
1536 2605 1793 2653 alienigenarum

1003 2648 1145 2684 transisse
1168 2651 1336 2692 arbitrati,
1349 2657 1380 2688 &
1400 2652 1458 2700 ipsi
1479 2663 1614 2699 propter
1627 2666 1733 2689 meam
1748 2654 1791 2690 si-

1004 2699 1233 2739 mulationem,z
1244 2704 1275 2737 &
1290 2712 1426 2748 propter
1440 2702 1609 2736 modicum
1623 2705 1791 2751 corrupti-

1002 2745 1079 2782 bilis
1090 2749 1164 2783 vitae
1174 2760 1304 2797 tempus
1319 2750 1523 2797 decipiantur
1537 2764 1544 2784 :
1556 2760 1654 2797 atque
1664 2752 1708 2787 ita
1719 2765 1791 2787 rna-

1001 2796 1106 2832 culam
1118 2799 1151 2832 δι
1162 2801 1402 2834 execrationem
1416 2810 1493 2833 mear
1506 2798 1663 2835 seneetuti
1673 2813 1706 2834 ac
1713 2802 1792 2848 qui-

1001 2858 1080 2880 ram.
1107 2843 1197 2881 Nam
1206 2846 1264 2882 'etsi
1287 2848 1320 2881 in
1335 2845 1481 2894 praesenti
1504 2858 1655 2895 tempore
1674 2848 1789 2884 homi-

1001 2901 1079 2928 num
1092 2895 1255 2942 suppliciis
1266 2898 1531 2943 eripiar,manum
1545 2907 1652 2932 tamen
1663 2900 1791 2934 Omni-

1000 2944 1148 2991 potentis
1158 2968 1169 2984 ,
1185 2956 1245 2980 nec
1258 2947 1353 2980 vinus
1366 2969 1376 2984 ,
1388 2957 1449 2979 nec
1461 2956 1612 2980 mortuus
1621 2945 1794 2996 effugiam.-

1000 2994 1215 3040 Qapropter
1228 2995 1292 3028 vita
1314 2993 1442 3028 fortiter
1467 2995 1686 3035 excedendo,
1698 3009 1791 3043 agam

999 3042 1090 3088 quod
1102 3048 1195 3078 aetate
1211 3056 1281 3077 mea
1293 3043 1431 3089 dignum
1442 3042 1508 3077 est:
1522 3043 1789 3080 adolescentibus

998 3093 1302 3139 autemexemplum
1315 3090 1401 3126 forte
1412 3092 1594 3139 relinquam
1608 3116 1617 3132 ‚
1635 3093 1789 3139 stprom-

999 3150 1059 3184 pto
1069 3140 1182 3181 animo
1201 3154 1238 3176 ac
1258 3141 1443 3175 constanter
1460 3153 1521 3188 pro
1543 3141 1740 3189 grauissimis
1754 3144 1789 3179 δι’

998 3187 1199 3224 Ιὶιηᾶἰίῖἰτηὶε
1211 3189 1359 3237 legibus,
1379 3188 1514 3224 honesta
1529 3201 1638 3224 morte.
1652 3189 1787 3237 perfun-v

998 3238 1119 3286 gar-En
1130 3237 1369 3286 profectomon
1378 3238 1452 3273 dita
1461 3237 1732 3286 appofitiffimum
1748 3253 1785 3273 e-

996 3287 1180 3336 xemplum,
1194 3286 1252 3323 sod
1263 3286 1436 3335 expressam
1445 3289 1592 3335 imagine
1603 3286 1787 3334 qna-’nobis
