2113 3674
327 206 396 243 924
759 183 1212 222 ADMONITIO
1266 184 1541 221 VVLTIMA

319 254 426 290 citatis
444 248 634 300 negocium
648 243 693 282 est
707 268 717 285 ‚
737 241 879 291 rogandi
891 241 974 276 mihi
988 241 1058 277 sunt
1072 243 1122 277 le-

325 305 434 339 <stores
445 325 455 340 ‚
469 299 612 348 primum
628 306 663 330 vt
674 293 860 328 sermonum
876 291 1020 326 circuitu
1033 292 1122 326 vale-

323 364 359 388 re
384 349 487 389 iuss'o,
509 360 577 383 rem
594 344 715 380 nudam
736 341 893 389 aspiciant
913 354 921 373 i
946 340 1068 390 deinde
1089 351 1124 374 vt

324 400 534 449 prudentiam
557 407 591 429 ac
612 393 802 440 aequitateni
814 389 1001 425 adhibeant
1020 391 1123 426 ,iniu-

325 449 482 485 dicando.
508 446 596 485 Quia
618 441 765 478 fluorem
786 439 870 487 apud
884 439 957 486 pios
971 437 1124 473 ob'tinuit

328 496 515 546 Augustam
526 489 705 530 confestim
721 487 824 525 facere
837 489 966 536 pridem
979 500 1052 524 cum
1072 486 1125 520 sua

327 545 475 582 fastronc
490 542 594 589 coepit
620 537 826 578 Ioachimus,
839 538 930 584 quod
943 535 1046 570 solent
1060 536 1124 569 ho-

330 597 437 630 mines
459 589 643 626 rationibus
667 587 759 622 vacui
772 610 785 626 „
803 597 839 620 vt
861 585 959 620 nobis
979 586 1127 632 clypeum

329 640 538 679 authoritatis
562 637 769 673 obtruderet.
798 637 889 683 Ergo
912 634 932 668 si
956 646 1016 668 nos
1035 634 1051 667 :i
1074 645 1126 667 re·

327 703 430 739 cepto
443 686 777 724 consensudiscedere
788 681 1030 722 inonstraret,se
1042 694 1128 728 quo-

332 739 517 776 dammodo
532 736 672 771 credidit
690 735 814 769 coelum
833 731 1052 770 obnubilare,
1077 730 1128 764 vel

333 787 500 825 crassiores
522 785 658 820 nebulas
679 783 851 818 obducere
871 781 1064 828 simplicium
1085 791 1128 812 0-

331 839 434 877 culis,
455 835 555 884 quam
575 846 611 868 vr.
633 834 666 868 iri
691 831 756 879 ipsa
777 831 914 866 meridie
928 831 1062 864 micaret
1075 829 1126 862 lu-

332 888 378 922 cis
391 886 542 921 scintilla.
570 885 650 918 Hoc
671 879 776 915 fallaci
799 879 992 927 praeiudicio
1011 888 1046 910 vt
1067 888 1128 911 nos

333 947 467 983 grauate
490 931 651 968 desineret
663 929 875 978 ‚..prouocaui
897 928 936 962 ad
956 925 1127 961 authorem

334 981 439 1032 ipsum
457 979 668 1018 confeffioms
682 1003 692 1018 ‚
714 976 839 1014 fateor:
863 978 953 1012 cuius
973 977 1051 1009 dieti
1075 987 1128 1009 me

333 1046 403 1069 non
425 1034 589 1080 poenitet.
626 1028 718 1068 Quid
739 1038 848 1062 autem
880 1023 1128 1071 VVcstplialus?

334 1095 398 1130 pro
413 1079 507 1116 craffa
531 1080 583 1115 sua
595 1077 745 1112 barbarie
765 1074 919 1110 summani
937 1075 1127 1108 vietoriaein

334 1145 377 1167 eo
392 1134 515 1178 ponere
527 1140 580 1163 me
591 1128 688 1162 iactat
701 1150 711 1166 ,
723 1125 744 1160 si
754 1124 851 1161 nobis
862 1122 1034 1158 subscribat
1047 1122 1128 1157 Phi-

334 1181 464 1228 lippus:
492 1178 582 1212 cuius
601 1174 764 1219 mendacii
789 1175 864 1209 dum
882 1172 984 1219 ipsum
1007 1172 1129 1218 pudeat

334 1242 377 1264 ne
397 1228 572 1277 expectent
594 1226 734 1260 ieetores
751 1238 760 1259 i
782 1224 826 1259 ita
846 1220 986 1257 frontem
1009 1219 1128 1268 perfri—

335 1279 422 1313 cuit:
447 1275 575 1311 tannim
591 1273 754 1309 aestiment
776 1272 856 1319 quid
882 1271 952 1306 fieri
972 1282 1129 1306 mereatur

326 1325 453 1362 'foetida
476 1324 659 1373 garrulitas.
690 1321 800 1358 Verba
811 1320 892 1355 sunt.
925 1322 980 1356 De
996 1317 1129 1354 confes-

335 1375 428 1411 sione
441 1372 628 1421 Augustam
640 1370 681 1406 sic
692 1370 890 1418 respondeO,
901 1369 1083 1404 Verbulum
1095 1371 1129 1403 iri

338 1424 516 1471 ea(qualis
531 1421 719 1468 Ratisponae
739 1420 826 1454 edita
849 1417 929 1456 fuit)
949 1430 1017 1452 non
1038 1429 1127 1452 exta-

335 1472 558 1507 re'doftrinae
581 1470 698 1505 nostrae
717 1469 930 1503 conuitium.
956 1468 988 1500 Si
1012 1478 1074 1513 qua
1093 1468 1128 1500 in

335 1519 425 1558 sensu
441 1518 642 1567 ambiguitas
660 1518 800 1555 incidat,
827 1516 952 1550 nullum
975 1514 1037 1550 effe
1058 1529 1128 1550 ma-

336 1570 388 1618 gis
414 1570 573 1604 idoneum
595 1568 813 1614 interpretem
835 1565 935 1610 quarn
955 1563 1130 1598 authorem

330 1617 465 1666 -ipsum,
488 1617 540 1652 cui
552 1616 650 1651 etiam
670 1615 703 1650 id
717 1614 855 1648 honoris
878 1625 937 1659 pro
956 1610 1012 1646 suo
1027 1613 1126 1646 meri-

336 1678 375 1703 to
395 1665 490 1702 facile
514 1663 558 1711 pij
581 1676 698 1699 omnes
718 1662 884 1701 &eruditi
905 1659 1063 1695 deferent.
1088 1662 1128 1696 ad

337 1728 413 1752 eum
425 1714 446 1749 si
468 1712 632 1761 intrepide
644 1724 793 1760 prouoco
805 1735 814 1750 ‚
827 1710 907 1757 quid
922 1708 1060 1757 superest
1075 1712 1127 1744 ni-

336 1764 362 1801 si
382 1775 418 1799 vt
437 1762 551 1811 putida
569 1764 670 1796 iaceat
696 1759 905 1808 VVestphali
934 1760 1129 1806 garrulitas?

335 1815 432 1850 Hinc
444 1812 551 1847 eliciat
564 1811 584 1846 si
596 1809 704 1858 potest
715 1834 725 1850 ,
736 1809 896 1845 summam
910 1809 1050 1855 vici'torie
1062 1809 1126 1842 mi-

337 1862 374 1898 hi
403 1862 436 1896 in
456 1861 550 1894 vnius
570 1860 719 1894 hominis
747 1858 987 1903 subscriptione
1009 1856 1126 1892 funda-

337 1921 406 1947 tam
419 1907 490 1944 esse.
527 1909 692 1943 Necvero
712 1910 819 1942 minus
842 1907 979 1940 sordidae
1001 1907 1128 1940 vanita-

338 1962 381 1996 tis
399 1957 444 1994 est
457 1982 467 1998 ,
487 1957 579 2005 quod
596 1954 624 1990 se
647 1955 741 1989 valde
763 1956 873 1990 mirari
886 1954 1012 1989 simulat
1024 1978 1034 1994 ,
1046 1966 1128 2001 prae-

340 2010 468 2056 ceptori
485 2005 541 2041 suo
564 2006 647 2040 hanc
674 2002 798 2051 aspergi
818 2003 976 2038 maculam
999 2017 1008 2037 ς
1026 2015 1127 2050 quum

340 2070 377 2092 ex
387 2056 533 2103 Philippi
551 2051 703 2101 responso
723 2064 756 2093 vt
780 2055 865 2087 inter
878 2063 939 2085 nos
953 2052 1129 2086 conueniat

341 2107 455 2141 clarius
468 2105 620 2139 didicerit
639 2126 648 2140 ‚
671 2102 769 2148 quani
792 2113 854 2148 ego
875 2099 1048 2148 praedicarc
1069 2112 1126 2134 au-

342 2153 484 2190 sussum.
506 2153 558 2187 sed
577 2151 655 2198 quid
670 2150 775 2184 verbis
795 2159 878 2196 opus
893 2148 959 2184 est?
982 2149 1012 2182 si
1032 2149 1128 2183 omni

342 2203 490 2238 molestia
508 2201 606 2236 semel
617 2198 753 2247 'defungi
766 2210 859 2246 optat
873 2195 1061 2232 Ioachimus
1073 2220 1083 2236 ,
1098 2202 1130 2234 δι

345 2249 603 2288 controuersiam
625 2249 778 2282 dirimere
797 2273 807 2287 ,
832 2246 1004 2281 verbulum
1028 2259 1087 2294 pro
1100 2245 1129 2281 se

345 2301 499 2336 elici.1tex
516 2300 584 2333 eius
604 2309 661 2331 ore
681 2296 719 2330 ad
740 2309 838 2343 quem
861 2295 947 2330 liber
964 2306 1052 2342 patet
1073 2308 1128 2331 ac-

343 2349 464 2390 cessus,
480 2353 511 2385 δι
524 2346 658 2395 quidem
673 2346 788 2379 itincre
809 2358 878 2379 non
901 2343 1129 2378 tamiaborio-

343 2397 379 2434 so
394 2421 405 2438 ‚
427 2399 518 2433 cuius
539 2393 729 2431 consensum
753 2392 928 2441 magnifice
950 2392 1128 2432 obtendit,

341 2460 411 2495 quo
421 2460 495 2482 cum
507 2444 673 2480 familiaris
685 2444 714 2477 ei
725 2442 982 2476 communicatio
994 2441 1054 2476 esse
1065 2454 1129 2488 po-

342 2495 416 2531 test.
444 2493 552 2543 Egosi
566 2492 688 2528 temere
709 2492 891 2538 comperiar
904 2491 1050 2538 Philippi
1064 2503 1126 2524 no-

340 2546 430 2579 mine
451 2542 587 2582 abusus,
600 2541 701 2576 nullas
717 2540 909 2586 ignominiae
921 2551 1015 2573 notas
1033 2551 1127 2574 recu-

340 2592 387 2629 so.
414 2591 623 2627 Testimonia
633 2600 701 2637 quae
710 2590 786 2622 citat
802 2588 1044 2635 VVcstphalus,
1057 2601 1125 2623 non

341 2654 452 2678 meum
468 2640 513 2676 est
523 2638 679 2675 refellere:
691 2649 796 2684 neque
807 2638 902 2671 etiam
917 2638 1126 2685 moror‚quid

341 2692 430 2726 inter
452 2691 577 2735 primos
603 2685 776 2722 conflictus
795 2691 835 2722 ὅ(
863 2685 948 2719 causa
975 2689 1126 2720 nondum

342 2738 426 2774 clare
444 2743 476 2774 δι
497 2736 640 2773 dilucide
656 2735 808 2784 explicata
821 2757 831 2773 ‚
856 2733 985 2768 homini
1006 2736 1045 2770 ad
1065 2748 1125 2769 ne-

341 2785 488 2836 gandum
499 2787 597 2821 nimis
620 2796 697 2827 tunc
713 2783 899 2819 verecundo
920 2785 1128 2830 quorundam

338 2835 512 2883 instigatio
532 2832 711 2870 extorserit.
732 2833 776 2869 Et
786 2833 835 2867 lex
845 2834 942 2866 nimis
954 2832 1029 2867 dura
1044 2844 1126 2880 praef

338 2883 492 2921 scribitur
502 2884 637 2918 literatis
650 2880 845 2918 hominibus
855 2903 864 2919 ‚
886 2879 907 2916 si
921 2883 988 2928 post
999 2882 1126 2920 editum

340 2931 466 2983 ingenii
485 2944 521 2967 ac
533 2933 691 2967 doetrinae
713 2929 895 2978 specimen,
915 2940 986 2964 tota
1005 2930 1127 2966 deinde

342 2983 410 3018 vita
423 2980 506 3016 nihil
526 2980 685 3028 proficere
696 2980 802 3015 liceat.
834 2977 935 3014 Certe
947 2977 967 3012 si
980 2980 1051 3025 quis
1064 2992 1124 3014 an*

341 3043 405 3066 nos
422 3029 639 3078 quadraginta
653 3028 810 3075 Philippo
829 3025 1060 3065 nihilattuliss‘e
1071 3028 1125 3063 di..

340 3091 413 3120 cat,
427 3090 578 3126 magnam
596 3077 765 3114 &homini
781 3076 950 3124 priuatim,
965 3077 1070 3112 &toti
1082 3076 1124 3113 si-

339 3128 408 3164 mul
429 3125 577 3162 Ecclesia
598 3127 747 3161 iniuriam
762 3124 868 3162 faciet.
896 3123 1010 3160 Solum
1029 3125 1125 3171 ,quod

339 3178 448 3213 dixi&
459 3176 598 3222 quidem'
607 3176 728 3209 centies
739 3174 857 3222 siop'us
868 3172 928 3213 sit..
940 3171 1122 3214 confirmo,

339 3238 407 3261 non
420 3227 521 3272 tnagis
532 3226 547 3258 a
559 3236 612 3258 me
623 3223 823 3270 Philippum·
835 3222 1127 3271 quamapropriis

331 3273 517 3313 -viscexibus
527 3273 563 3309 in
572 3271 632 3309 hac
645 3270 735 3310 causa
742 3271 831 3322 posse
839 3271 964 3313 diunisii
980 3269 1053 3310 Etsi
1065 3283 1128 3321 ait-

1169 256 1237 279 tem
1250 246 1379 279 tonitru
1392 246 1483 291 quod
1495 246 1512 280 a
1531 243 1689 280 violentis
1704 243 1901 280 hominibus
1913 246 1969 282 in-'

1170 293 1274 328 stabat
1290 304 1439 327 metuens
1452 293 1547 341 (quid
1561 294 1667 328 dicam
1680 296 1972 343 intelligunt,qui-

1161 342 1231 379 ,bus
1244 354 1324 376 nota
1341 340 1471 379 fuerunt
1495 342 1633 378 Lutlieri
1645 342 1796 383 fl.ibella)
1819 356 1889 378 non
1901 355 1970 380 tam

1172 390 1284 437 aperte
1295 390 1421 438 semper
1447 391 1546 439 quam
1562 390 1742 438 optassem,
1769 392 1970 429 sententiam

1172 440 1260 474 suain
1275 441 1435 487 protulit:
1456 453 1525 474 non
1538 439 1708 476 esttamen
1722 441 1816 488 quod
1832 441 1970 477 VVest-

1174 488 1288 536 plialus
1304 489 1391 523 uliud
1400 487 1429 523 se
1441 501 1536 536 agere
1548 487 1700 524 simulans
1711 512 1721 529 ,
1735 489 1874 537 oblique
1889 503 1968 526 eum

1174 536 1389 585 perstringat,
1403 537 1490 584 quasi
1505 549 1639 572 mortuo
1652 540 1785 573 demum
1800 538 1964 579 Luther0‚

1175 589 1335 632 inceperit
1347 587 1386 620 ad
1396 585 1654 624 nosjdefleetere.
1677 589 1766 622 Nam
1779 599 1881 634 quum
1892 599 1970 623 ante

1164 648 1280 670 annos
1296 635 1533 682 septemdecim
1547 635 1588 669 de
1601 635 1664 669 hoe
1686 637 1792 683 eapite
1805 637 1968 671 do&rinae

1175 685 1260 719 inter
1273 687 1333 717 nos
1348 684 1970 732 contulerimus,primocongressum}-

1175 745 1275 780 quani
1295 732 1410 780 syllaba
1430 734 1664 774 commutanda
1686 732 1758 768 fuit.
1785 736 1907 782 Neque
1925 735 1967 770 de

1176 780 1323 828 Gasparo
1332 782 1515 828 crucigero
1526 783 1701 820 tacendum
1715 782 1831 830 est.qu'i
1841 795 1901 830 pro
1913 783 1969 818 in..

1176 831 1265 879 genii
1285 829 1329 864 sui
1359 830 1585 881 doctrinaeque
1617 833 1797 878 praessantia
1817 831 1968 871 Luthero

1176 878 1379 915 chariisimus
1391 891 1425 914 vt
1438 883 1506 927 post
1519 880 1707 927 Philippum
1719 881 1864 927 seliquos
1872 892 1972 916 ante-

1176 929 1238 963 iret
1252 952 1261 967 ‚
1275 928 1316 962 sic
1329 929 1498 975 amplexus
1510 930 1551 963 est
1565 930 1655 975 quod
1677 929 1779 963 hodie
1792 931 1970 977 impugnat

1177 976 1434 1023 VVestphalus‚
1454 988 1489 1011 vt
1502 977 1668 1012 sententiae
1690 978 1809 1014 nostris
1823 980 1970 1014 coniun-

1168 1027 1258 1063 etius
1270 1026 1351 1060 nihil
1363 1025 1444 1072 fingi
1459 1024 1744 1073 poffenCaererflm
1760 1028 1800 1061 de
1812 1026 1972 1075 Philippo

1176 1074 1198 1109 si
1210 1074 1315 1110 adhuc
1327 1074 1561 1122 ambigiturfan
1575 1088 1643 1109 non
1657 1074 1729 1109 satis
1743 1089 1876 1117 manum
1887 1086 1972 1118 con.

1164 1123 1276 1158 ,serere
1289 1124 1406 1158 videor
1422 1127 1437 1156 ἒ
1459 1123 1557 1161 vbi&
1573 1125 1688 1159 tacitus
1705 1129 1738 1160 &
1756 1125 1883 1160 securus
1897 1126 1968 1161 eius

1176 1185 1296 1218 vocem
1308 1173 1446 1220 expecto
1457 1196 1467 1212 ‚
1488 1185 1558 1221 quae
1569 1175 1636 1207 eius
1647 1173 1898 1221 improbitatem
1910 1174 1971 1221 qui

1177 1223 1400 1261 venerandum
1414 1221 1662 1270 praestantiffimi
1674 1225 1734 1257 viri
1747 1235 1872 1258 nornen
1884 1220 1968 1259 falso

1176 1271 1541 1312 obtenderit‚omnibus
1554 1269 1738 1319 patefaciat.

1224 1322 1338 1358 Venio
1350 1322 1388 1355 ad
1409 1321 1634 1369 Augustinum
1645 1344 1654 1360 ‚
1669 1333 1776 1369 >quein
1788 1320 1845 1356 etsi
1855 1331 1969 1358 totum

1177 1368 1237 1405 esse
1249 1369 1394 1405 nostrum
1409 1382 1526 1405 omnes
1538 1367 1613 1404 libri
1627 1372 1793 1405 clamitant
1805 1392 1815 1409 ‚
1831 1370 1972 1407 vvest-

1178 1419 1291 1467 phalus
1304 1419 1402 1454 nobis
1417 1420 1542 1467 eripere
1561 1432 1630 1453 non
1641 1430 1816 1454 contentus
1829 1443 1839 1460 ‚
1849 1420 1971 1456 aduer-

1178 1469 1295 1503 sarium
1311 1481 1446 1516 quoque
1459 1467 1640 1502 obtrudere
1650 1492 1661 1508 ,
1674 1466 1799 1516 sibique
1810 1469 1971 1505 vendica-

1176 1530 1211 1551 re
1232 1530 1300 1551 non
1315 1516 1458 1552 dubitat:
1475 1516 1587 1551 eadem
1608 1529 1728 1564 nempe
1739 1517 1871 1557 audacia
1882 1540 1892 1557 ,
1904 1531 1970 1566 qua

1177 1564 1302 1613 vbique
1314 1567 1421 1600 lucem
1437 1566 1602 1600 conuertit
1616 1566 1649 1600 in
1664 1565 1826 1601 tenebras,
1852 1568 1971 1609 Qualis

1178 1613 1217 1649 sit
1228 1627 1314 1649 nunc
1330 1613 1469 1649 lacobus
1480 1614 1669 1663 Bordingus
1684 1637 1693 1654 ,
1706 1616 1757 1649 cui
1770 1613 1970 1663 farraginem

1178 1661 1264 1697 suain
1276 1673 1463 1710 nuncupat,
1475 1664 1608 1710 ignoro·
1631 1663 1720 1698 certe
1731 1663 1898 1705 nisiyalde
1914 1666 1971 1700 in-

1177 1713 1312 1759 genium
1337 1714 1477 1747 mutauit
1489 1735 1499 1750 ,
1514 1709 1663 1751 officium
1676 1713 1808 1759 plenum
1823 1713 1971 1753 dedeco-

1178 1762 1220 1794 ris
1232 1759 1290 1794 sibi
1306 1761 1495 1794 malletvnon
1513 1759 1573 1795 eise
1588 1759 1778 1807 praestitum.
1799 1762 1888 1800 Nam
1900 1770 1971 1810 qno

1177 1819 1331 1856 tempore
1351 1808 1434 1843 milii
1454 1808 1634 1848 notussuit
1652 1832 1662 1849 ,
1684 1822 1753 1845 non
1782 1811 1899 1852 minus:
1913 1814 1972 1852 in-

1178 1870 1289 1905 genuo
1310 1858 1437 1904 pudore
1455 1881 1464 1896 ‚
1491 1858 1766 1905 quain'dmstrina
1780 1871 1851 1900 erat
1870 1870 1970 1900 com-

1179 1907 1386 1944 mendabilis.
1420 1906 1524 1945 Nunc
1544 1907 1624 1946 ver-b
1644 1907 1873 1952 tantum,1quid
1895 1909 1970 1954 epi-

1178 1955 1258 1991 stola
1277 1957 1446 2005 contineat
1463 1979 1481 1994 ‚.
1494 1956 1637 1992 breuiter
1648 1965 1763 1988 notare
1779 1966 1969 2002 operaepre-

1166 2005 1262 2039 *tium
1277 2005 1355 2039 crit:
1377 2016 1445 2037 non
1467 2014 1502 2038 vt
1517 2010 1622 2042 totam
1644 2003 1713 2042 eius
1729 2004 1968 2049 loquacitatem

1178 2054 1330 2087 euoluain
1343 2050 1427 2092 ‚fsed
1442 2061 1477 2085 vt
1495 2051 1640 2091 hominis
1657 2053 1830 2099 ingenium
1843 2074 1852 2091 ‚
1874 2052 1967 2100 quod

1177 2100 1272 2138 facile
1289 2101 1349 2135 erit
1361 2123 1370 2138 ,
1383 2112 1420 2134 ex
1432 2100 1541 2146 paucis
1561 2099 1725 2146 capitibus
1745 2099 1969 2144 aestimentle-

1178 2151 1296 2187 &ores-
1331 2149 1436 2182 Initio
1454 2149 1629 2183 contendit
1650 2146 1802 2183 sectarios
1819 2149 1969 2190 &liaere-

1176 2199 1281 2237 ticos,
1300 2203 1340 2230 ne
1352 2195 1453 2243 serpat
1470 2198 1650 2244 contagio,
1680 2198 1731 2232 vel
1743 2199 1840 2233 exilio
1850 2212 1968 2234 arceri-

1173 2247 1240 2284 ,dns
1261 2270 1270 2284 ,
1297 2246 1346 2279 vel
1367 2246 1473 2291 poenis·
1493 2246 1699 2294 castigandos
1714 2244 1809 2280 ess'e..
1831 2249 1967 2284 Friuoia

1178 2293 1307 2342 prorsus
1318 2295 1404 2327 aGtio
1417 2317 1426 2332 ‚
1444 2305 1514 2340 quae
1533 2306 1598 2332 rem
1611 2294 1749 2342 minime
1763 2294 1897 2331 dubiam
1907 2297 1967 2332 lite

1178 2349 1210 2380 &
1228 2342 1450 2377 controuersia
1468 2343 1627 2390 implicat.
1656 2345 1744 2385 Nam
1761 2355 1863 2391 quum
1874 2358 1910 2380 ea
1921 2345 1966 2381 de

1177 2405 1211 2427 re
1222 2395 1310 2426 inter
1332 2398 1395 2426 nos
1407 2390 1584 2426 conueniat
1599 2415 1609 2431 ‚
1621 2391 1752 2444 tfantiim
1773 2392 1873 2428 nobis
1888 2393 1968 2435 sub-

1177 2440 1316 2475 scribere
1327 2439 1453 2474 debuit.
1473 2440 1654 2476 Honestius
1675 2441 1762 2476 certe
1781 2442 1888 2478 citasse
1899 2455 1967 2477 no-

1176 2489 1259 2525 stros
1281 2489 1401 2528 libros,
1426 2502 1463 2523 ex
1483 2489 1603 2537 quibus
1624 2491 1789 2526 mendicat
1804 2492 1969 2539 quicquid

1175 2539 1308 2574 adducit
1320 2539 1483 2574 rationum
1496 2562 1507 2579 ,
1519 2538 1619 2585 quani
1629 2538 1727 2574 nobis
1738 2538 1767 2574 se
1778 2539 1900 2575 bellurn
1912 2541 1969 2575 iri-

1177 2586 1259 2623 ferre
1275 2587 1424 2622 simulans
1436 2610 1447 2627 ‚
1468 2588 1564 2623 armis
1573 2588 1688 2621 nostris
1699 2599 1836 2636 pugnat.
1852 2593 1968 2637 Atque

1175 2637 1240 2676 hoc
1253 2636 1357 2671 inodo
1369 2648 1437 2670 non
1449 2634 1642 2682 prodidisset
1654 2645 1747 2684 turpe
1759 2634 1916 2679 socordiae
1929 2651 1969 2679 e·-

1174 2685 1342 2733 xemplum
1355 2685 1467 2732 ‚quod
1491 2693 1611 2719 notare·
1625 2697 1679 2719 me
1702 2686 1794 2733 cogit
1814 2686 1967 2722 hominis

1176 2734 1422 2782 importunitas.
1451 2734 1540 2779 Qia
1555 2733 1681 2768 Psalmo
1693 2734 1855 2782 vigesimo
1863 2746 1967 2781 quai·-

1176 2795 1215 2819 to
1223 2807 1233 2823 ,
1247 2781 1330 2818 male
1341 2783 1450 2817 ⁴vertit
1464 2783 1624 2830 interpres
1648 2783 1789 2831 vulgaris
1798 2806 1808 2822 ‚
1817 2784 1966 2819 'At-tolli·-

1176 2844 1209 2868 te
1223 2840 1331 2879 portas
1355 2831 1522 2878 Principes
1537 2830 1655 2872 vestras
1671 2853 1683 2871 ,
1704 2831 1762 2866 vbi
1783 2832 1965 2880 legendum

1166 2891 1242 2923 ,erat
1255 2904 1265 2921 ,
1287 2880 1444 2920 Attollite
1458 2890 1560 2927 porta
1580 2880 1686 2926 capita
1704 2879 1807 2916 vestra
1827 2880 1964 2922 „horno

1172 2929 1312 2979 quidam
1339 2928 1456 2974 doctus
1466 2934 1499 2965 δι
1512 2928 1552 2964 dc
1563 2927 1704 2969 Ecclesia
1715 2927 1800 2963 bene
1813 2930 1963 2969 meritus,

1175 2991 1211 3015 vt
1224 2977 1295 3015 fieri
1307 2976 1401 3018 solet,
1415 2978 1583 3013 memoriae
1592 2975 1693 3023 lapsu,
1705 2977 1825 3021 alicubi
1836 2978 1962 3018 hortari

1175 3028 1292 3062 volens
1313 3027 1482 3073 Principes
1494 3026 1533 3060 ad
1555 3024 1709 3061 tuendam
1729 3027 1883 3074 pietatem
1896 3026 1964 3062 hoe

1172 3075 1371 3112 testimonio
1386 3073 1500 3110 abusus
1519 3072 1632 3109 fuerat.
1668 3075 1770 3116 Error
1787 3074 1964 3111 tollerabi-

1174 3126 1226 3161 lis.
1248 3123 1480 3170 VVestphalns
1491 3123 1529 3158 ad
1543 3122 1679 3158 verbum
1692 3123 1829 3169 recitans
1842 3147 1853 3162 ‚
1867 3126 1964 3171 Ape..

1175 3174 1280 3222 perite
1293 3183 1388 3220 porte
1400 3173 1504 3220 capita
1518 3169 1875 3219 vestra:magisti·atibus
1886 3185 1965 3221 prg-

1176 3221 1272 3258 scribi
1284 3223 1365 3257 dicit
1379 3244 1388 3260 ‚
1403 3232 1438 3255 vt
1457 3233 1567 3269 portas
1588 3221 1743 3256 Domino
1756 3222 1957 3267 aperientes,

1176 3269 1476 3321 pseudoprophetis
1487 3281 1540 3306 eas
1550 3268 1686 3306 claudit.
1700 3269 1794 3305 Hinc
1803 3270 1964 3353 cleleiigwt

1826 3330 1842 3353 e
1878 3328 1968 3360 ores,

2102 1101 2103 1106 Α
2091 927 2113 1075 {qb-b,

2100 1570 2102 1575 -
2088 1358 2105 1544 Vm-i-2‘2‘A
2090 1310 2103 1330 2-
