2113 3674
602 203 1075 247 coNFi-:ssro
1134 204 1376 242 FIDEI.
1761 223 1808 257 123

181 267 378 319 praedicandi
388 263 480 300 verbi
491 264 559 299 Dei
571 287 580 303 ,
590 269 619 300 &
630 265 702 299 adn.
712 261 969 297 inistrandorum

181 320 464 354 iactamcntorum:
473 326 532 347 nec
544 314 698 360 cuiquam
710 313 806 346 licere
819 310 882 344 hoc
893 323 969 344 mu·-

181 380 240 403 nus
250 379 310 415 pro
330 363 385 398 suo
404 362 542 397 arbitrio
557 360 704 408 vsurpare
720 384 729 399 ‚
748 358 868 406 absque
882 359 969 406 legi-

179 418 261 452 tima
280 414 460 450 electione,
486 422 521 445 vt
540 409 690 444 confusio
703 410 836 442 vitetur.
861 407 968 453 Qod

180 464 263 511 siqui
274 460 386 497 adhoc
396 472 481 494 onus
496 459 622 498 vocari,
643 456 794 492 nonsatis
807 456 920 490 fideles
937 456 968 490 se

180 511 329 561 praestent
341 512 374 545 iu
385 521 425 543 eo
439 505 907 547 sustinendo‚exauthorandos
917 503 968 538 es-

180 561 287 597 se.Est
299 571 408 594 autem
419 559 529 592 omnis
539 569 652 590 eorum
667 555 807 602 potestas
819 552 968 600 positam

179 622 220 645 eo
243 621 277 643 vr
299 621 335 642 ex
356 606 458 640 verbo
479 607 547 640 Dei
575 616 688 652 regant
708 604 870 650 populum
890 601 967 650 ipsis

178 655 445 694 commifl'um‚ita
457 666 492 688 vt
505 655 590 688 Iesus
598 652 749 688 Christus
763 651 885 698 semper
895 663 966 685 ma-

177 719 253 741 neat
267 705 433 752 supremus
455 705 561 738 Pastor
573 729 582 744 ‚
595 706 627 737 &
648 702 731 735 solus
744 698 893 734 Ecclesiae
906 700 966 733 suae

178 755 402 793 dominus,&
421 755 488 786 eius
508 753 603 786 Vnius
623 762 687 784 vox
709 750 868 783 audi-rtur.
894 751 963 782 Ita-

177 816 243 852 que
255 803 448 850 Papisticam
460 802 548 835 illam
565 798 779 833 hiemrchmm
790 809 888 844 quam
900 809 964 831 vo-

179 863 255 887 cant
270 875 280 891 ,
305 863 437 886 execror
456 861 489 883 vt
510 848 708 884 diabolicam
723 846 963 886 confusionem,

180 899 492 936 idcircostabilitam
509 909 545 932 vt
564 899 656 932 Deus
678 894 744 943 ipse
758 895 962 942 despiciatur,

179 956 212 986 &
230 949 415 985 Christiana
431 947 550 995 religio
559 945 711 980 ludibriis
729 949 759 981 &
771 943 962 992 opprobriis

178 999 216 1034 sit
229 997 386 1046 exposita.

230 1046 409 1083 Confiteor
422 1043 684 1079 imbecillitatem
698 1039 841 1075 nostram
850 1041 962 1087 requi-

178 1107 249 1132 rere
261 1106 296 1132 vr
305 1096 344 1130 ad
354 1094 587 1143 praedicatione
599 1090 691 1127 verbi
701 1090 895 1124 adiiciantur
906 1092 962 1123 Sa-

179 1154 518 1190 crament;1,tanquarn
530 1140 631 1188 sigilla
641 1139 760 1187 quibus
771 1136 962 1185 promissio-

179 1206 237 1228 nes
251 1195 317 1228 Dei
333 1193 367 1226 in
387 1190 543 1226 cordibus
553 1188 672 1223 nostris
682 1187 916 1235 obsignentur:
929 1191 962 1223 &

179 1243 248 1277 duo
259 1239 420 1276 eiusmodi
433 1241 451 1273 S
463 1249 632 1272 .cramenta
649 1237 665 1271 ὲ
685 1235 820 1270 Christo
832 1235 891 1270 effe
903 1248 961 1270 or-

179 1291 309 1329 dinata,
324 1300 443 1335 nempe
454 1285 657 1333 Baptismum
678 1289 708 1320 &
726 1285 869 1318 Coenam
881 1286 961 1319 Do-

179 1341 276 1374 mini.
290 1350 325 1372 ac
337 1339 425 1384 prius
438 1337 626 1383 quidem,vt
635 1333 732 1368 nobis
743 1332 914 1380 patefaciat
924 1346 960 1367 a-

178 1387 286 1422 ditum
298 1388 332 1420 in
345 1385 519 1420 Ecclesiam
532 1385 599 1418 Dei
611 1384 764 1418 :alterum
776 1382 869 1422 vero,
881 1393 914 1416 vt
924 1383 960 1416 in

177 1448 214 1471 ea
227 1448 287 1470 nos
297 1433 609 1479 retineat.anue
620 1432 701 1466 vero
711 1431 764 1464 illa
776 1429 958 1464 sacramen-

176 1495 209 1520 ta
217 1485 235 1520 a
246 1482 379 1532 Papistis
391 1482 659 1530 excogitata,&in
670 1478 815 1527 ipsorum
825 1478 960 1514 cerebro

177 1533 324 1581 primum
337 1544 411 1567 nata
422 1531 574 1579 repudio.

226 1582 375 1630 Qnuis
387 1592 498 1616 autern
510 1578 705 1614 sacramenta
715 1575 777 1612 sint
788 1574 885 1611 nobis
898 1587 958 1623 pro

176 1631 360 1667 arrhabone
370 1652 380 1668 ,
392 1641 459 1677 quo
470 1629 640 1663 reddamur
649 1627 749 1661 securi
765 1627 805 1661 de
816 1623 959 1673 promis-

177 1679 325 1715 fionibus
337 1680 427 1718 Dei,
448 1683 557 1711 tamen
570 1677 713 1725 agnosco
731 1676 784 1709 illa
801 1674 873 1709 fore
892 1686 958 1707 no-

175 1728 227 1764 bis
240 1728 369 1762 iuutilia
381 1750 392 1767 ,
411 1726 470 1761 nisi
481 1728 619 1773 Spiritus
631 1721 756 1759 sanetus
769 1725 822 1758 illa
839 1725 872 1757 in
891 1735 957 1756 no-

174 1777 226 1813 bis
238 1777 388 1812 redderet
399 1773 541 1810 efficacia
555 1800 564 1816 ‚
581 1785 736 1821 tanquam
753 1773 956 1808 instrumen-

173 1835 226 1861 ta:
239 1839 280 1861 ne
293 1824 413 1860 fiducia
424 1827 530 1859 nostra
542 1825 692 1858 creaturis
704 1821 866 1860 intenta‚a
878 1823 955 1855 Deo

172 1875 468 1924 seiungunt-Qu
476 1875 577 1907 etiam
589 1871 754 1907 confiteor
765 1873 956 1906 Sacramen-

135 1949 142 1957 .
173 1935 206 1960 ta
226 1925 435 1972 deprauari&
448 1922 610 1969 peruerti,
630 1933 734 1969 quum
743 1922 783 1955 ad
795 1932 870 1954 eum
881 1918 956 1953 sco-

173 1985 254 2021 pum
274 1984 343 2007 non
360 1970 543 2006 referuntur
563 1981 597 2005 vt
617 1970 652 2004 in
676 1969 808 2004 Christo
830 1979 955 2016 quaera-

173 2033 243 2056 mus
256 2021 414 2069 quicquid
437 2020 478 2055 ad
497 2020 640 2055 nostram
662 2017 793 2053 salutem
812 2018 955 2065 requiri—

174 2081 249 2105 tur:
275 2075 307 2107 δι
328 2070 460 2117 quoties
477 2070 517 2103 ad
538 2070 638 2103 alium
655 2067 744 2102 vsum
761 2079 956 2101 accommo-

174 2119 293 2154 dantur
312 2120 413 2167 quarn
426 2128 463 2152 vt
472 2130 610 2152 ornnem
629 2116 772 2151 nostram
785 2114 886 2150 fidem
895 2127 955 2162 pe-

175 2168 264 2202 nitus
278 2169 311 2202 in
323 2179 363 2202 eo
380 2162 572 2214 de‘figamus.
596 2169 751 2201 Praeterea
767 2188 778 2205 ,
797 2177 958 2212 quoniam

174 2216 364 2263 adoptionis
378 2213 548 2264 promiffio
561 2216 602 2251 ad
616 2214 842 2264 posteritatem
856 2212 956 2260 vsque

174 2264 323 2299 fidelium
336 2264 515 2313 porrigitur
525 2287 535 2303 ‚
546 2263 689 2313 agnosco
700 2274 856 2311 oportere
868 2262 956 2298 fide-

173 2313 255 2348 lium
266 2310 405 2354 infantes
414 2316 448 2346 in
460 2312 636 2347 Ecclefiam
647 2313 747 2361 recipi
757 2324 813 2359 per
825 2311 956 2359 Baptis-

173 2374 289 2398 mum:
309 2366 342 2397 &
359 2364 394 2395 in
412 2372 447 2395 ea
459 2372 494 2394 re
512 2360 655 2396 detestor
666 2359 954 2409 Anabaptistarum

172 2408 312 2445 furores.

172 2490 177 2494 .
223 2461 396 2506 Qntum
420 2457 540 2492 attinet
570 2456 611 2491 ad
634 2457 776 2491 Coenam
793 2458 954 2499 Domini,

173 2507 340 2542 confiteor
350 2519 419 2542 eam
432 2504 493 2540 esse
502 2506 728 2540 testimonium
746 2506 862 2540 nostrae
879 2519 954 2543 curn

172 2555 309 2592 Christo
323 2556 467 2590 vnionis:
478 2555 635 2602 quoniam
645 2566 714 2588 non
726 2554 851 2589 tantum
861 2568 956 2591 mor-

171 2616 247 2640 tuus
264 2603 311 2640 est
321 2603 458 2640 semel&
468 2602 636 2638 resurrexit
648 2615 709 2651 pro
723 2601 821 2637 nobis
832 2627 843 2644 ,
854 2603 907 2640 sed
918 2618 955 2640 e..

173 2656 254 2690 tiam
274 2665 336 2688 nos
361 2652 436 2687 vere
455 2652 554 2700 pascit
571 2657 605 2689 δι
624 2652 727 2687 nutrit
745 2651 797 2686 sua
815 2664 908 2688 carne
922 2658 955 2690 &

171 2701 380 2751 sanguine,vt
391 2701 488 2736 fimus
500 2713 601 2737 vnum
613 2713 686 2736 cum
697 2713 751 2740 eo,
763 2705 796 2737 δι
809 2703 876 2737 eius
887 2704 955 2738 vita

171 2750 213 2787 fit
227 2750 328 2787 uobis
341 2751 543 2787 communis.
578 2750 730 2797 Qanuis
750 2750 841 2786 enim
859 2751 900 2788 fit
918 2754 954 2789 in

1020 263 1111 296 ecelis
1134 264 1293 312 tantisper
1303 266 1381 300 dum
1404 267 1515 302 veniit
1527 268 1726 310 iudicaturus
1746 288 1807 311 or-

1021 309 1096 345 bern
1104 316 1376 353 terrarum,crcdo
1387 327 1494 350 tamen
1507 329 1582 354 eum
1594 334 1704 360 arcana
1715 327 1804 361 &iu-

1019 360 1310 414 comprehensibili
1321 363 1364 399 sui
1383 367 1522 411 Spiritus
1538 371 1658 405 virtute
1669 371 1803 416 fretum,

1019 414 1188 443 vruihcare
1200 413 1322 446 animas
1334 418 1455 448 nostras
1467 415 1642 454 substantia
1653 426 1804 470 corporis

1018 461 1051 492 δι
1063 457 1228 504 sanguinis
1240 458 1299 494 sui.

1066 509 1104 539 ln
1117 518 1236 553 genere
1245 521 1352 543 autem
1365 509 1529 548 confiteor
1549 516 1661 552 Deum
1689 531 1754 554 tam
1768 523 1803 556 in

1019 555 1128 609 Coena
1138 555 1237 601 quarn
1250 558 1282 589 in
1293 558 1462 604 Baptismo
1475 563 1573 598 nobis
1587 579 1620 600 re
1633 565 1697 614 ipsa
1710 574 1740 605 δι
1753 569 1802 604 ef-

1019 601 1164 656 ficaciter
1176 604 1299 638 donare
1318 607 1478 655 quicquid
1491 614 1522 646 in
1535 615 1580 647 eis
1590 614 1728 662 figurat:
1749 617 1803 654 sed

1017 652 1057 684 ad
1070 662 1153 685 tanti
1166 650 1248 686 boni
1267 659 1514 701 perceptionem
1536 666 1657 710 requiri
1677 678 1710 702 vt
1726 658 1802 702 ver-

1018 698 1098 734 bum
1111 712 1183 734 cum
1194 700 1294 749 fignis
1306 706 1639 761 coniungamus.Qa
1651 716 1682 748 in
1698 728 1730 749 re
1740 715 1799 751 de-

1020 748 1120 802 testor
1129 751 1328 796 Papiitarum
1349 753 1482 789 abusum
1496 771 1530 792 ac
1543 762 1800 807 peruersionemo

1017 809 1074 843 qur
1088 810 1124 831 ex
1136 797 1340 834 sacramentis
1358 801 1553 842 sustulerunt
1567 812 1657 856 quod
1685 814 1800 860 praeci-

1016 858 1118 892 puurn
1129 858 1329 899 erat,nempe
1341 851 1524 889 doctrinam
1535 870 1598 905 quq
1611 872 1670 894 nos
1684 862 1801 897 doceat

1017 905 1136 953 verum¹
1148 894 1239 930 vsum
1251 902 1278 933 ἃ
1292 900 1432 935 tractum
1445 903 1522 938 inde
1531 918 1798 952 promanantern.

1016 955 1120 990 caque
1129 955 1162 977 in
1174 948 1317 999 magicas
1328 949 1504 998 praestigias
1512 966 1770 994 commutarunt.

1067 994 1151 1026 Item
1162 1002 1340 1035 contueor,
1355 1011 1486 1045 aquam,
1501 1003 1578 1037 licet
1591 1007 1746 1042 caducum
1759 1007 1800 1043 fit

1016 1040 1216 1096 elementum
1229 1066 1240 1083 ‚
1262 1055 1372 1080 tamen
1385 1049 1484 1084 nobis
1496 1052 1528 1085 in
1540 1053 1710 1100 Baptismo
1721 1057 1798 1093 vere

1016 1088 1182 1146 testificari
1212 1102 1321 1145 yeram
1350 1093 1516 1144 sanguinis
1533 1101 1602 1136 lesu
1619 1103 1744 1140 Christi
1765 1111 1799 1142 δε

1016 1139 1152 1184 Spiritus
1162 1143 1260 1186 rphus
1274 1142 1523 1188 praesentia:&in
1532 1153 1638 1186 Coena
1651 1155 1800 1190 Domini

1016 1198 1134 1233 panem
1145 1193 1177 1224 δι
1192 1191 1307 1224 vinum
1320 1193 1418 1228 nobis
1436 1196 1496 1231 effe
1514 1211 1588 1234 vera
1604 1206 1635 1236 &
1657 1204 1798 1240 minime

1003 1236 1140 1272 *fallacia
1165 1238 1305 1285 pignora
1323 1262 1335 1279 ‚
1362 1255 1424 1277 nos
1448 1243 1657 1293 spiritualiter
1678 1253 1798 1287 nutriri

1015 1283 1139 1319 christi
1151 1299 1290 1342 corpore
1301 1292 1332 1324 &
1344 1288 1558 1340 sanguinefit
1571 1299 1615 1332 ita
1627 1301 1798 1349 coniunge

1014 1343 1087 1387 cum
1095 1333 1195 1382 signis
1202 1334 1431 1383 possessionem
1442 1356 1478 1377 ac
1490 1342 1682 1383 fruitionem
1695 1348 1798 1397 ipsarn

1015 1393 1083 1416 eius
1093 1386 1185 1430 quod
1197 1385 1295 1419 nobis
1306 1387 1354 1422 ibi
1366 1388 1513 1427 offertur.

1017 1478 1028 1489 x
1050 1433 1136 1466 Item
1149 1445 1251 1488 quum
1264 1434 1347 1470 sacra
1359 1441 1586 1489 Coena‚qualis
1598 1447 1640 1481 est
1649 1442 1798 1484 instituta

1014 1492 1032 1512 a
1042 1480 1116 1534 iesu
1127 1482 1319 1537 Christoffit
1334 1487 1432 1523 nobis
1445 1488 1530 1526 sacer
1539 1493 1702 1531 thesaurus
1715 1496 1796 1532 infi-

1013 1539 1077 1582 niti
1087 1532 1355 1576 pret1],detcstor‚
1364 1539 1653 1578 vtintolerandum
1666 1544 1796 1580 sacrile—

1014 1588 1109 1624 gium
1126 1602 1137 1618 ,
1162 1584 1375 1619 execrandam
1404 1587 1494 1623 illam
1512 1590 1796 1631 abominationem

1013 1625 1136 1682 M¹ffssae,'
1151 1630 1189 1662 ad
1201 1629 1265 1665 hoc
1277 1643 1377 1667 vnum
1386 1637 1466 1671 vtile
1476 1650 1512 1674 vt
1523 1641 1683 1688 quicquid
1695 1644 1796 1679 nobis

1014 1674 1167 1731 Christus
1177 1680 1310 1729 reliquit
1330 1695 1503 1721 euertatur.
1517 1699 1585 1723 tum
1601 1693 1635 1724 in
1648 1703 1688 1725 eo
1702 1691 1797 1740 quod

1013 1724 1134 1760 dicitur
1148 1728 1208 1783 esse
1218 1727 1409 1766 sacrificium
1425 1746 1487 1781 pro
1499 1739 1583 1773 viuis
1594 1745 1626 1776 ἃ
1639 1742 1792 1781 mortuis,

1012 1783 1083 1807 tum
1094 1786 1174 1809 vero
1186 1778 1283 1812 etiam
1296 1780 1329 1813 in
1339 1781 1473 1829 reliquis
1482 1788 1640 1824 omnibus
1652 1813 1663 1829 ‚
1676 1801 1746 1837 quae
1758 1803 1796 1826 ex

1011 1821 1176 1879 diametro
1187 1838 1370 1877 repugnant
1380 1834 1516 1878 puritati
1526 1834 1693 1874 sacrame'ti
1712 1842 1796 1874 Coe-

1011 1882 1060 1905 nae
1071 1874 1227 1909 Domini.

1061 1922 1240 1976 §onhteor
1257 1927 1371 1962 Deum
1390 1930 1473 1965 vene
1492 1933 1610 1970 orbem
1636 1946 1796 1972 terrarum

1011 1980 1082 2026 regi
1093 1971 1221 2024 legibus
1231 1986 1267 2009 ac
1277 1976 1406 2023 politia,
1417 1990 1450 2014 vt
1462 1993 1530 2017 non
1544 1983 1649 2019 defint
1660 1984 1795 2019 habenae

1011 2020 1133 2066 quibus
1145 2022 1287 2057 eflraenes
1297 2024 1471 2063 hominum
1494 2043 1606 2067 motus
1617 2046 1797 2069 coercean-

1012 2078 1082 2104 tur:
1095 2068 1233 2127 ecimque
1243 2072 1289 2107 ob
1300 2073 1425 2110 causam
1439 2090 1539 2127 regna
1551 2105 1561 2119 ,
1579 2084 1793 2130 principatus,

1011 2130 1046 2172 ac
1055 2118 1301 2174 dominationes
1314 2125 1527 2167 constituiffe,
1537 2135 1568 2166 δι
1580 2133 1740 2179 quicquid
1752 2132 1792 2167 ad

1012 2168 1144 2202 ciuilem
1157 2168 1420 2209 iurisdietionem
1439 2174 1570 2224 spectat.
1589 2193 1727 2228 quarum
1738 2193 1793 2215 re·

1011 2227 1083 2250 rum
1094 2217 1164 2251 vult
1174 2220 1292 2254 author
1301 2219 1427 2263 haberi,
1440 2236 1475 2260 vt
1490 2239 1626 2275 propter
1636 2243 1710 2264 eum
1722 2242 1793 2264 non

1009 2264 1139 2300 tantum
1151 2264 1272 2303 feratur
1283 2270 1415 2305 illorum
1424 2276 1615 2322 imperium,
1627 2277 1679 2314 sed
1692 2291 1792 2314 etiam

1011 2326 1068 2369 eos
1079 2323 1325 2354 reuereamur&
1342 2318 1545 2359 honoremus
1559 2338 1594 2362 vr
1614 2329 1680 2362 Dei
1701 2330 1793 2364 vica·

1010 2368 1125 2404 noa&
1137 2365 1358 2407 ministros‚ab
1370 2381 1411 2403 eo
1421 2375 1618 2410 constitutos
1630 2389 1663 2412 vt
1675 2378 1791 2426 legiti-

1011 2424 1069 2468 mo
1079 2418 1111 2449 δι
1123 2412 1233 2449 Γεῃᾶο
1244 2428 1378 2452 munere
1390 2417 1578 2469 fungantur.
1593 2425 1742 2472 Ideoque
1752 2441 1791 2463 e-

1010 2472 1091 2496 tiam
1107 2462 1248 2510 agnosco
1262 2475 1392 2513 aequurn
1405 2470 1466 2503 efle
1477 2482 1513 2506 vt
1535 2486 1649 2508 eorum
1661 2475 1790 2522 legibus

1009 2515 1041 2547 &
1054 2511 1178 2572 spitutis
1191 2517 1496 2560 pareamus,tributa
1507 2525 1538 2556 &
1548 2523 1790 2574 veotigaliasse-

1011 2570 1147 2608 teraque
1161 2562 1320 2598 eiusmodi
1333 2564 1553 2612 persoluarnus
1565 2593 1576 2610 ,
1599 2572 1742 2621 denique
1752 2585 1791 2611 vt

1010 2610 1097 2644 vitro
1108 2622 1144 2645 ac
1154 2611 1273 2647 liberer
1287 2614 1402 2661 iugum
1414 2615 1624 2653 lubiectionis
1632 2618 1785 2658 feramus:

1010 2657 1070 2694 hac
1080 2671 1189 2694 tamen
1202 2673 1275 2696 cum
1287 2665 1481 2710 exceptione
1492 2689 1502 2705 ‚
1517 2677 1552 2701 vt
1564 2668 1642 2703 Deo
1656 2668 1788 2707 summo

1009 2709 1152 2757 principi
1169 2707 1259 2747 suurn
1268 2713 1443 2760 imperium
1452 2715 1620 2763 integrum
1631 2723 1664 2755 δι
1674 2720 1784 2758 illiba-

1008 2768 1080 2794 tum
1090 2769 1230 2795 maneat.
1768 2760 1786 2769 ³

1516 2862 1559 2898 1..
1608 2863 1644 2912 ij.
