2113 3674
139 366 141 369 ⁴
147 360 155 374 A

362 98 371 115 δ

291 173 361 221 334
579 162 597 165 ·
874 160 1038 198 0οΝ
1069 160 1254 198 SENs
1287 159 1441 199 1⁴.o·=·<

282 240 335 274 nis
347 236 542 272 alimentum
555 230 586 268 se
597 231 671 267 dare
682 226 886 278 pronuntiat.
909 228 1018 262 Huius
1029 227 1076 273 tei

282 299 353 322 non
366 284 514 321 fallacem
528 282 631 316 oculis
647 278 794 327 proponi
808 275 913 324 figura
923 277 1077 316 dicimus,

285 335 340 371 sed
354 335 473 383 pignus
485 331 582 367 nobis
595 329 734 377 porrigi,
750 326 860 361 cuites
873 322 938 372 ipsa
949 330 980 362 δι
990 329 1078 360 veri-

291 395 339 419 tas
350 382 526 418 coniuneta
534 378 598 415 est:
612 379 703 425 quod
715 374 837 411 scilicet
850 374 973 410 Christi
987 377 1080 408 ‘carne

289 439 323 470 δι
333 432 488 480 sanguine
498 429 615 464 animae
627 425 744 461 nostrae
756 422 936 472 pascantur.
946 424 1028 459 'Nice
1039 421 1085 456 fi-s

288 483 344 517 dei
364 491 488 515 nomen
509 476 693 524 quidquam
714 474 948 522 imaginarium
965 481 1079 510 motat,

287 529 379 578 quali
389 528 520 564 tantum
534 526 755 574 cogitatione,
766 523 817 557 vel
831 523 995 556 memoria
1007 532 1082 568 per-

291 580 414 626 cipiant
426 575 539 611 fideles
551 574 643 622 quod
655 569 999 622 promittitun:sed1pe
1010 570 1082 616 quis

291 637 386 675 putet
399 625 440 661 eo
458 623 556 672 vsque
566 623 720 672 prostitui
732 620 917 660 Christum,
927 631 968 654 ‘vt
978 618 1084 667 ipsum

293 674 440 712 fruantur
452 670 867 719 incre-duli.'⁹Nequeenim
880 670 958 712 dnm
970 668 1084 703 Paulus

293 722 734 761 Christumhahffltaradocet'
744 721 777 754 in
789 718 946 755 cordibus
965 716 1084 752 nostris

294 787 352 822 per
366 772 467 808 fidem
479 795 490 812 ,
508 773 680 807 loeo‘verae
693 768 909 804 habitationis
921 766 1084 814 imagina-

295 824 423 859 tionem
446 820 619 870 supponit:
640 818 692 854 sed
712 818 888 867 quomodo
898 817 983 851 tanti
1002 815 1085 848 boni

295 870 527 921 poffeffionem
538 880 728 908 cernamus,
746 868 917 904 admoner.·
934 867 1084 900 „Carnem

297 934 378 969 ergo
388 919 535 960 Christi,
548 919 613 954 fine
625 919 696 953 vilis
709 915 904 965 ambagibus
918 939 926 953 ,
947 913 1086 948 fatemur

281 972 361 1006 resse
371 969 555 1004 viuificam:
571 978 639 1002 non
658 961 788 1001 tantum
807 965 882 1013 quia
893 963 987 998 semel
1000 963 1033 996 in
1050 973 1086 996 ea

295 1019 395 1054 nobis
408 1018 488 1053 salus
500 1028 589 1066 parta
601 1016 647 1053 est
661 1040 673 1055 ‚
691 1014 744 1050 sed
756 1017 832 1062 quia
845 1025 930 1048 nunc
944 1012 1022 1046 dum
1037 1010 1085 1045 sa-

296 1081 349 1103 cra
361 1068 485 1103 vnitate
496 1079 569 1102 curn
584 1065 720 1101 Christo
735 1061 904 1099 coalescim
911 1074 956 1097 us.
969 1060 1084 1095 eadem

295 1117 350 1152 illa
363 1129 437 1152 caro
450 1118 554 1151 vitam
565 1117 599 1150 in
613 1127 673 1149 nos
695 1111 792 1161 spirat
804 1137 816 1153 ‚
826 1129 827 1132 ¹
839 1112 890 1146 vel
900 1121 934 1145 vt
952 1109 1085 1144 breuius

295 1166 403 1202 dicam
414 1184 426 1206 3
440 1167 516 1214 quia
525 1176 639 1199 arcana
651 1163 790 1211 Spiritus
801 1162 921 1205 virtute
935 1158 1085 1194 inchri-

292 1216 331 1250 sii
342 1227 459 1263 corpus
470 1213 560 1248 insiti
572 1224 818 1253 52cornmunem
827 1210 1084 1260 th-abemuscum

295 1263 366 1312 ipso
378 1264 588 1300 vitam-Nam
600 1275 637 1297 ox
648 1259 843 1300 abscondito
852 1258 995 1294 Deitatis
1005 1254 1084 1291 fon-

293 1324 327 1348 te
337 1314 371 1347 in
383 1312 507 1348 Christi
519 1324 648 1347 carnem
657 1309 856 1355 mirabiliter
866 1306 966 1343 infusa
976 1305 1020 1341 est
1031 1306 1084 1344 vi-

293 1373 376 1401 ta,vt
390 1361 468 1397 inde
478 1361 516 1396 ad
529 1373 591 1396 nos
603 1359 730 1395 flueret:
744 1357 966 1394 Verfl-mvnde
981 1356 1087 1395 (cele-

293 1410 396 1447 stibus
416 1412 484 1446 Dei
497 1411 654 1458 mysteriis
673 1408 799 1455 semper
810 1405 941 1441 crassum
959 1403 1084 1452 aliquid

294 1460 492 1508 concipiunt
511 1459 663 1494 humanae
679 1469 803 1493 mentes
818 1480 828 1496 ‚
842 1454 893 1489 hic
903 1454 1005 1490 rursus
1018 1454 1083 1488 ob-

293 1509 384 1544 uiam
413 1510 459 1544 ire
478 1507 599 1543 talibus
620 1504 743 1542 delii-iis
755 1503 877 1540 necesse
898 1502 971 1539 fuit.
1000 1503 1083 1549 Qo

294 1558 439 1605 pertinet
451 1556 508 1592 ista
520 1556 674 1591 definitio
688 1556 705 1591 a
717 1555 820 1590 nobis
831 1552 996 1601 positamo
1009 1565 1084 1599 per-,

295 1605 374 1641 inde
385 1606 529 1660 intelligi
542 1605 675 1644 debere,
688 1604 781 1652 quod·
792 1603 943 1638 decarnis
958 1600 1092 1637 Christi·

297 1655 551 1703 participatione
562 1654 702 1689 dicimus
720 1677 730 1693 ‚
753 1651 841 1700 quasi
864 1650 958 1686 fieret
976 1651 1087 1698 aliqua

298 1703 482 1740 substantiae
496 1704 546 1737 vel
557 1701 822 1740 commixtimvel
835 1697 1019 1734 transfusio:
1033 1699 1087 1735 sed

299 1755 376 1801 quia
387 1765 424 1787 ex
435 1765 528 1787 carne
548 1750 642 1786 semel
654 1754 685 1785 in
699 1749 894 1784 sacrificium
911 1749 1024 1783 oblata
1034 1750 1086 1783 vi-

300 1812 369 1837 tam
379 1801 611 1836 hauriamus&
624 1801 675 1835 cui
687 1798 834 1846 displicet
849 1798 915 1832 haec
924 1799 1088 1844 exceptio,

301 1850 448 1898 primum
461 1850 537 1884 dico
555 1849 678 1896 aliquid
700 1848 760 1883 sibi
779 1860 816 1882 ex
839 1849 976 1894 proprio
997 1859 1089 1881 cere-

302 1899 365 1935 bro
378 1900 584 1934 commetum
595 1893 763 1943 esse‚quod
783 1901 814 1932 δι
826 1898 999 1943 Scripturis
1013 1895 1089 1930 nus-

304 1948 581 1996 quamproditum
595 1970 605 1986 ‚
625 1951 656 1983 &
677 1945 755 1979 fidei
775 1946 932 1992 analogiae
951 1945 1090 1980 minime

306 1996 563 2032 consentaneum
578 1995 634 2031 est.
658 1994 792 2029 Deinde
803 1993 903 2028 nimis
914 1992 1091 2040 superbum

305 2045 367 2081 csse
378 2046 456 2081 ‘dico
469 2064 489 2086 ,>
502 2046 606 2092 quiex
627 2040 713 2079 sensu
733 2043 1091 2089 temereconceptole-

305 2107 382 2143 gem
392 2095 464 2129 aliis
479 2092 672 2141 praescribat.
688 2090 817 2127 Misceri
828 2090 849 2125 si
861 2092 977 2126 volunt
989 2091 1091 2125 carnis

306 2142 630 2183 Christi‘substatiam
641 2154 714 2175 cum
729 2140 875 2174 hominis
886 2140 1091 2187 animazquot

302 2193 334 2228 se
345 2192 493 2227 absurdis
506 2192 700 2226 inuoluent?
722 2191 857 2236 Negant
867 2186 912 2222 fas
926 2186 986 2223 effe
996 2212 1005 2228 ‚
1023 2201 1090 2223 tarn

298 2240 636 2288 sublimemysterium
645 2240 682 2273 ad
692 2237 787 2274 seculi
798 2238 960 2272 rationem
972 2236 1091 2272 subdu.

300 2292 341 2329 ci,
353 2292 404 2326 vel
414 2290 608 2326 immensam
620 2290 687 2322 eiu's
702 2287 966 2335 magnitudinem
980 2287 1089 2321 metiri

292 2339 427 2387 ,ingenii
436 2340 539 2376 nostri
548 2338 699 2374 medule.
723 2339 762 2370 ln
785 2348 853 2383 quo
865 2335 927 2369 illis
938 2334 1031 2381 plane
1040 2334 1089 2374 :is-¹

299 2387 442 2424 sentior(
455 2381 569 2424 Sedan
589 2386 630 2421 eo
648 2385 744 2433 vsque
767 2384 922 2419 trahenda
942 2383 988 2419 est
1011 2383 1090 2419 fidei

299 2437 461 2473 modestia
482 2461 491 2476 ‚
515 2447 551 2469 v:
567 2445 672 2470 totam
694 2435 888 2481 religionem
914 2432 1089 2467 horrendis

299 2486 463 2534 portentis
482 2482 669 2532 deformet?
695 2484 801 2528 Atqui
820 2483 884 2517 hoc
905 2482 1032 2521 modo,
1053 2494 1088 2517 vt

300 2533 449 2581 quidque
464 2530 726 2570 absurdissimum
747 2530 831 2566 foret
849 2555 859 2572 ,
882 2531 925 2566 ita
945 2531 1088 2566 maxime

301 2579 793 2631 Christ01congrueret,eis1sque
804 2580 959 2615 doCtrinae
972 2579 1090 2615 sacram

299 2634 462 2668 vnitatem
474 2655 485 2671 ‚
502 2629 685 2679 quaenobis
696 2629 741 2664 est
752 2642 824 2665 cum
846 2628 980 2664 Christo
991 2652 1002 2668 ‚
1014 2628 1087 2664 sen-

301 2679 347 2716 sui
360 2681 464 2716 carnis
484 2677 851 2727 incomprehensibilem
864 2677 1002 2713 fatemur
1011 2677 1084 2713 csse.

301 2730 409 2773 Quod
421 2742 481 2764 nos
492 2729 554 2768 sibi
566 2730 772 2775 coniungens
786 2739 853 2761 non
866 2727 969 2762 modo
984 2730 1088 2762 vitam

301 2778 404 2814 nobis
414 2776 501 2813 suam
513 2776 820 2815 instillat‚sedvnum
827 2788 960 2823 quoque
972 2775 1088 2810 nobis-

302 2840 377 2863 cum
388 2824 539 2866 efficitur,
552 2826 644 2862 sicuti
658 2826 723 2873 ipse
733 2837 833 2859 vnum
844 2825 885 2859 est
894 2837 966 2860 cum
980 2828 1087 2865 Patre,

302 2875 582 2921 sublimius-captu
603 2875 717 2911 nostro
735 2873 919 2921 mysterium
931 2872 991 2908 esse
1002 2887 1087 2909 con-

302 2925 471 2961 cedimus:
488 2924 545 2958 nisi
558 2935 716 2972 quatenus
727 2923 794 2958 eius
808 2921 916 2957 verbis
928 2924 1086 2958 temetum

303 2976 359 3009 est.
391 2974 504 3010 Sed-an
524 2974 599 3008 ideo
612 2974 761 3020 protinus
772 2971 1001 3007 somniandum
1016 2996 1026 3011 ‚
1051 2973 1086 3007 in

303 3035 366 3059 nos
375 3020 558 3059 transfundi
576 3024 644 3057 eius
656 3021 879 3058 substantiam,
890 3031 925 3053 Vt
938 3019 1087 3056 sordibus

304 3072 420 3107 nostris
432 3072 645 3117 inquinetur?
656 3071 760 3118 Qod
771 3070 801 3104 se
811 3070 927 3104 oculos
939 3070 1088 3105 claudere

306 3121 443 3158 dicunt,
462 3132 503 3153 ne
517 3118 673 3167 curiosius
692 3120 878 3166 inquirant,
898 3118 989 3165 quod
1009 3120 1087 3153 Do-

307 3172 418 3205 minus
435 3168 600 3205 occultat,
620 3165 898 3202 vaniffimumeffe
916 3166 992 3201 hinc
1006 3179 1087 3202 con-

309 3219 454 3254 uincitur
464 3217 576 3264 ,quod
591 3214 620 3251 se
631 3230 668 3251 ex
686 3219 753 3252 Dei
773 3215 1007 3259 verboldpceri
1021 3229 1089 3252 non

310 3267 476 3315 sustinent.
494 3267 578 3304 Haec
586 3265 673 3303 certe
686 3265 766 3303 fidei
776 3264 933 3317 sobrietas
944 3263 990 3302 est
1000 3287 1011 3307 ‚
1021 3277 1092 3303 non

1126 224 1232 260 modo
1240 223 1486 271 acquiescet-ein
1496 224 1565 260 Dei
1575 225 1781 274 numaeque
1789 228 1860 277 plus
1869 227 1925 265 si-J·

1126 273 1162 307 bi
1173 272 1335 320 arripere,
1349 274 1450 320 quam
1463 272 1550 308 sacro
1560 276 1628 309 eius
1646 287 1704 310 ore
1714 276 1915 324 patefassurn

1127 321 1237 356 sitzsed
1246 322 1404 368 etiam-ad
1422 323 1582 369 Spiritum
1600 324 1783 372 prophetiae
1803 325 1917 363 sedulo

1128 372 1298 405 attendere
1307 373 1494 410 ‚·&.>sanam
1505 375 1812 420 interpretationem
1823 389 1921 412 man-

1129 418 1220 454 sueta
1229 420 1400 454 docilitate
1419 422 1585 467 amplefflz
1607 423 1720 463 Quare
1739 425 1922 460 temulenta

1130 469 1165 502 in
1178 479 1319 516 veroque
1337 470 1518 516 peruicacia
1539 470 1604 511 est,
1627 471 1737 518 siquis
1746 474 1798 508 vel
1809 473 1840 509 se
1849 486 1920 519 non

1132 517 1304 552 contineat
1316 519 1402 553 intra
1418 519 1582 565 legitimas
1593 522 1762 559 metaswel
1773 520 1853 557 sanae
1864 523 1920 558 in-

1133 566 1326 614 telligentiae
1337 568 1444 602 lucem
1457 567 1626 603 fastidiose
1637 566 1775 616 respuat.
1808 572 1924 606 Corn-

1133 616 1293 652 manicati
1304 615 1402 651 nobis
1415 616 1538 652 Christi
1549 629 1667 664 corpus
1678 623 1709 654 δι
1721 616 1926 668 sanguinein,

1133 664 1240 699 nullus
1254 664 1403 712 nostrum
1416 668 1525 713 negat.
1543 668 1780 709 Qualis‘autern
1795 667 1834 704 sit
1846 681 1925 705 cor-

1134 715 1223 759 poris
1241 718 1273 749 δι
1297 710 1461 762 sanguinis
1480 716 1922 759 Dominhcommunicatio,

1134 763 1300 810 quaeritur.
1321 764 1497 798 Carnalem
1505 763 1562 799 *isti
1572 765 1679 812 palam
1690 770 1722 802 δι
1732 764 1926 814 simpliciter

1134 810 1266 846 asserere
1278 813 1454 861 quomodo
1465 814 1737 853 audeant,miror.
1762 816 1927 864 Spiritua-

1135 861 1199 895 lem
1213 860 1292 896 cum
1303 862 1444 898 dicimus
1457 885 1467 901 ,
1486 860 1626 898 fremunt
1638 887 1648 904 ‚
1665 862 1751 911 quasi
1769 863 1829 900 hac
1840 877 1927 901 voce

1135 910 1275 950 realem,
1284 920 1320 944 vt
1330 910 1432 957 vulgo
1445 906 1640 959 loquiintur,
1653 914 1817 948 tollamus.
1847 915 1928 950 Nos

1135 959 1230 998 vero,
1242 957 1265 993 sl
1273 960 1358 1007 ¹reale
1370 971 1430 1006 pro
1441 971 1520 995 vero
1531 962 1742 1008 accipiant‚·&
1757 960 1930 999 fallacivel
1970 975 1973 979 ’
2024 980 2043 991 2*
2084 990 2090 1006 s,

1135 1007 1329 1055 imaginario
1341 1019 1514 1055 opponant
1528 1033 1538 1049 ‚
1557 1009 1797 1059 barbareloqui
1809 1013 1929 1048 malle-

1136 1069 1222 1097 mus,
1236 1057 1336 1104 quam
1350 1059 1469 1105 pugnis
1484 1060 1654 1093 materiam
1665 1060 1819 1107 praebere.
1853 1063 1928 1097 Sci-

1135 1119 1208 1142 mus
1229 1109 1318 1140 enim
1338 1107 1441 1153 quim
1460 1119 1530 1142 non
1550 1107 1689 1143 deceant
1707 1109 1929 1158 logomachiae

1136 1154 1263 1190 Christi
1275 1153 1397 1195 seruos,
1414 1155 1466 1190 sed
1477 1158 1553 1204 quia
1565 1156 1631 1192 hoe
1642 1159 1860 1195 concedendo
1872 1161 1930 1196 ni-

1135 1204 1182 1239 hil
1192 1204 1278 1252 apud
1291 1217 1347 1238 eos
1357 1203 1550 1252 proficitur,
1574 1207 1633 1254 qui
1652 1208 1760 1242 modis
1768 1208 1929 1244 omnibus

1134 1251 1207 1288 sunt
1220 1254 1460 1300 implacabiles:
1481 1255 1617 1302 placidis
1629 1260 1658 1292 δι
1673 1256 1852 1299 moderatis
1861 1256 1930 1294 hoc

1133 1302 1287 1338 testatum
1300 1304 1393 1342 volo,
1405 1304 1448 1338 im
1461 1303 1639 1339 secundum
1653 1317 1716 1340 nos
1727 1304 1927 1354 spiritualem

1134 1349 1196 1386 esse
1217 1353 1534 1389 communicationis
1563 1354 1702 1389 modum
1721 1377 1733 1395 ,
1759 1365 1795 1390 vt
1822 1355 1928 1404 reipsa

1135 1400 1272 1439 Christo
1285 1399 1439 1436 fruamur.
1448 1403 1522 1436 Hac
1531 1403 1633 1438 modo
1646 1404 1774 1439 ratione
1783 1416 1926 1441 conten-

1133 1451 1159 1484 ti
1170 1449 1268 1488 simus
1279 1474 1289 1490 ‚
1304 1451 1385 1485 vltra
1395 1462 1493 1497 quarn
1506 1464 1607 1486 nemo
1617 1451 1675 1487 nisi
1689 1452 1782 1489 valde
1793 1453 1928 1502 litigio-‘

1134 1498 1183 1533 sus
1196 1497 1526 1547 insurget‚viuificam
1539 1500 1636 1536 nobis
1650 1500 1710 1536 effe
1721 1501 1844 1538 Christi
1853 1515 1928 1539 car-

1134 1561 1226 1588 nem,
1238 1561 1315 1596 quia
1326 1562 1363 1582 ex
1374 1562 1409 1583 ea
1420 1550 1616 1596 spiritualem
1628 1552 1662 1585 in
1671 1550 1926 1588 animasnostras

1135 1599 1237 1632 vitam
1252 1597 1405 1633 Christus
1415 1596 1560 1633 instillat:
1572 1611 1642 1634 eam
1653 1601 1817 1648 quoquea
1830 1601 1929 1636 nobis

1136 1647 1349 1693 manducari,
1373 1648 1452 1682 dum
1465 1648 1499 1682 in
1519 1655 1642 1696 corpus
1654 1660 1764 1684 vnum·
1774 1648 1844 1685 fide
1853 1662 1931 1686 cum

1138 1695 1276 1732 Christo
1289 1695 1518 1735 coalescimus,
1529 1707 1569 1731 ¹vt
1579 1695 1802 1734 nosterfaetus
1812 1697 1932 1735 nobis-
1962 1696 1965 1699 “

1139 1758 1214 1781 cum
1224 1743 1274 1779 sua
1288 1746 1402 1780 omnia
1415 1747 1654 1782 communicet.
1882 1779 1884 1782 .

1187 1794 1242 1828 De
1253 1795 1350 1829 locali
1363 1793 1530 1842 praesentia
1541 1797 1642 1830 miror
1662 1793 1684 1830 si
1705 1790 1854 1832 ¹censores
1864 1809 1933 1832 no-

1139 1841 1223 1879 stros
1236 1856 1304 1878 non
1318 1844 1440 1891 pudeat
1451 1854 1616 1879 certamen
1631 1856 1778 1879 mouere.
1787 1846 1850 1881 Sed
1859 1848 1930 1893 quii

1140 1891 1265 1927 Christi
1279 1905 1397 1939 corpus
1419 1903 1542 1940 negent
1560 1894 1711 1928 locorum
1733 1891 1842 1939 spatiis
1863 1895 1931 1928 cir-

1140 1940 1316 1981 cunscribi,
1330 1943 1527 1976 immensum
1541 1939 1601 1977 effe
1611 1941 1740 1976 volunt.
1764 1942 1858 1988 Qid
1869 1953 1932 1977 au-

1138 2001 1207 2024 tem
1217 1994 1303 2025 nos?
1323 1991 1500 2037 Nempein
1522 1991 1609 2024 coelo
1627 1991 1840 2037 quaerendurn
1854 1986 1932 2031 esse,

1139 2038 1332 2085 quod,teste
1346 2041 1600 2085 Scriptura,eum
1615 2040 1702 2085 capit
1714 2039 1820 2073 donec
1829 2039 1865 2073 in
1875 2039 1932 2074 iu-

1142 2089 1265 2122 dicium
1274 2098 1437 2135 appareat.
1464 2088 1586 2134 Neque
1600 2099 1711 2122 tamen
1725 2086 1790 2126 est,
1800 2099 1858 2123 cur
1867 2099 1932 2122 nos

1140 2137 1218 2171 ideo
1232 2136 1403 2184 quisquam
1413 2137 1537 2177 inuidia
1551 2145 1684 2183 grauet‚
1704 2148 1740 2171 ac
1750 2135 1773 2172 si
1785 2135 1892 2172 abeffe
1912 2137 1932 2172 ὲ

1140 2183 1647 2233 ηοὸίεγῇηἕαιῃυςμῃεσὼῐέςυε
1658 2183 1836 2232 separemus
1845 2185 1863 2221 ὲ
1875 2197 1932 2221 ca-

1140 2235 1220 2280 pite.
1248 2234 1349 2269 Certe
1362 2233 1383 2268 si
1394 2234 1493 2267 Paulo
1506 2233 1614 2268 dicere
1630 2234 1734 2272 licuit,
1745 2246 1808 2270 nos
1819 2235 1836 2269 a
1847 2236 1931 2271 Do-

1140 2284 1234 2317 mino
1245 2283 1457 2330 peregrina-ri,
1465 2283 1610 2330 quandiu
1623 2281 1731 2318 sumus
1742 2283 1776 2318 in
1788 2285 1928 2329 mundo:

1140 2332 1253 2366 eadem
1265 2343 1400 2379 quoque
1409 2333 1538 2366 ratione
1549 2332 1854 2378 dicemus‚quadam
1867 2332 1930 2368 ab-
1976 2350 1979 2351 ⁷

1139 2379 1245 2415 sentiae
1254 2379 1359 2428 specie
1369 2393 1430 2414 nos
1440 2380 1480 2415 ab
1488 2379 1529 2415 e‘o
1541 2380 1857 2429 disiungitquatenus
1868 2381 1932 2417 sci-

1138 2429 1216 2464 licet
1229 2430 1245 2465 a
1258 2428 1382 2464 coelesti
1394 2430 1464 2464 eius
1477 2429 1652 2465 domicilio
1661 2442 1750 2466 nunc
1760 2429 1930 2466 distamus.

1138 2477 1243 2515 Abest
1253 2480 1352 2526 igitur
1367 2478 1516 2515 Christus
1528 2479 1544 2514 ὲ
1557 2478 1655 2514 nobis
1665 2477 1841 2515 secundum
1852 2492 1932 2515 cor-

1138 2539 1216 2575 pus:
1237 2528 1360 2575 Spiritu
1371 2539 1481 2562 autern
1491 2527 1547 2563 suo
1557 2529 1591 2562 in
1603 2527 1701 2564 nobis
1715 2528 1865 2564 habitans
1875 2552 1883 2568 ‚
1895 2530 1930 2564 in

1138 2577 1260 2612 coelum
1273 2576 1312 2611 ad
1325 2576 1354 2611 se
1366 2577 1410 2612 ita
1422 2588 1483 2612 nos
1492 2578 1665 2616 attollit‚vt
1676 2576 1845 2613 viuificum
1856 2580 1932 2613 car-

1138 2625 1262 2661 nis-suae
1277 2625 1428 2673 vigorem
1439 2628 1472 2662 in
1485 2637 1547 2661 nos
1558 2624 1762 2661 transfundat
1771 2648 1783 2665 ‚
1795 2638 1864 2661 non
1877 2624 1930 2662 se-

1138 2688 1195 2710 cus
1207 2686 1242 2709 ac
1265 2675 1357 2709 vitali
1377 2673 1451 2709 solis
1477 2676 1584 2711 calore
1597 2687 1655 2722 per
1668 2675 1776 2710 radios
1791 2686 1931 2723 vegeta-

1138 2736 1222 2759 mur.
1241 2724 1345 2769 Qod
1358 2724 1466 2759 dicere
1478 2723 1799 2770 solenninuisibilem
1811 2723 1931 2761 nobis-

1138 2785 1212 2808 cum
1223 2771 1284 2811 effe
1299 2795 1310 2811 ‚
1337 2773 1473 2819 perinde
1486 2774 1570 2808 valet
1581 2797 1592 2812 ,
1615 2785 1650 2808 ac
1661 2772 1683 2808 si
1694 2772 1801 2811 forma
1813 2775 1930 2810 eiusin
1956 2801 1965 2811 =

1138 2823 1224 2860 coelo
1236 2821 1376 2865 reposita
1388 2845 1399 2862 ,
1415 2821 1626 2859 substantiam
1637 2823 1741 2858 carnis
1752 2822 1876 2858 diceret
1893 2824 1930 2858 in

1137 2882 1221 2906 terra
1232 2869 1382 2905 refidere.
1394 2872 1508 2919 Atqui
1519 2869 1769 2919 sensuspieratis
1778 2871 1863 2908 clare
1874 2872 1930 2915 di<-

1136 2920 1215 2960 etat,
1226 2932 1296 2955 non
1306 2920 1399 2955 aliter
1408 2921 1510 2955 vitam
1522 2933 1559 2955 ex
1571 2933 1666 2956 carne
1677 2919 1729 2956 sua
1742 2921 1776 2956 in
1786 2933 1848 2956 nos
1856 2919 1930 2956 stil-

1136 2970 1203 3005 lare
1223 2997 1233 3014 ‚
1245 2969 1356 3017 'quarn
1368 2968 1447 3004 dum
1463 2979 1552 3005 totus
1564 2967 1748 3018 «secundum
1761 2981 1880 3018 corpus
1892 2971 1929 3006 in

1137 3019 1225 3054 coelo
1237 3029 1372 3054 manens
1381 3041 1391 3058 ‚
1407 3018 1447 3054 ad
1459 3030 1522 3053 nos
1539 3017 1590 3054 sua
1609 3019 1731 3055 virtute
1741 3017 1923 3055 descendit.

1136 3067 1268 3103 Eodem
1281 3065 1393 3104 referri
1410 3068 1586 3108 conuenin
1599 3079 1671 3116 quae
1681 3066 1777 3115 paulo
1791 3066 1866 3115 post
1874 3080 1928 3104 at-

1137 3117 1313 3151 texuimus:
1324 3115 1382 3152 ista
1393 3119 1588 3163 exceptione
1599 3129 1670 3152 non
1681 3115 1809 3151 tantum
1821 3115 1929 3153 refelli

1138 3166 1382 3214 quamPapistae
1397 3166 1582 3200 commenti
1603 3163 1674 3202 sunt
1693 3163 1929 3202 transs'ubstan-

1139 3212 1338 3254 dationem,
1358 3212 1410 3249 sed
1422 3225 1486 3249 tam
1505 3212 1598 3249 crassa
1615 3214 1729 3249 omnia
1752 3213 1928 3262 figmenta,

1140 3262 1362 3316 quim-futiles
1368 3263 1594 3313 argutias,un
1603 3262 1656 3299 vel
1669 3262 1932 3301 coelestiChristi
1942 3296 1945 3298 .

1813 3313 1930 3362 glorie
