2113 3674
870 197 959 231 DE
1016 195 1212 233 FIDE.

216 257 322 293 cunda
333 256 394 292 erit
406 256 447 291 de
461 257 545 291 Filio
556 255 625 290 eius
639 254 707 290 Iesu
722 254 872 296 Christo,
883 269 954 304 qux
966 269 1002 291 e-

216 308 293 340 tiam
307 316 412 339 totam
432 306 672 352 redemptionis
685 305 834 339 humanae
846 305 1004 340 summam

214 354 456 400 compleffitur.
477 355 593 388 Tertia
610 354 671 387 erit
691 354 731 387 de
740 355 864 398 Spiritu
877 353 1000 388 saneto.

215 404 390 448 Qrt.1de
399 402 587 439 Ecclesia&
599 402 724 436 diuinis
736 404 771 437 in
785 401 886 451 ipsam
898 403 1002 437 bene—-

214 451 314 486 ficiis.

260 500 310 534 M.
335 499 425 534 Csim
436 511 505 534 non
526 496 584 532 nisi
599 510 681 532 vnus
693 497 730 532 sit
741 501 855 534 Deus:
878 512 933 534 cur
946 498 1001 534 hic

212 547 296 582 mihi
309 558 374 583 tres
385 559 631 582 commemoras
641 570 651 585 ,
666 550 808 589 Patrem,
821 549 954 589 filium,
968 553 1001 585 &

211 598 373 645 Spiritum
383 595 557 631 sanctum?

263 649 298 680 P.
322 647 496 695 Qniam
515 647 550 679 in
571 657 632 679 vm
649 646 717 679 Dei
729 644 859 680 essentia
871 648 1000 679 Patrem

210 695 331 729 intueri
351 706 413 729 nos
424 695 587 729 conuenit
597 694 610 733 ',
630 705 786 741 tanquam
798 696 1000 742 principium

210 748 243 780 &
254 741 624 792 originem‚prim:imve
635 755 742 778 rerum
755 745 909 778 omnium
922 755 1000 777 cau-

210 791 296 827 sam:
319 793 442 828 deinde
455 793 573 826 Filium
586 814 596 830 ‚
617 794 675 839 qui
686 791 723 827 sit
734 803 851 826 aeterna
863 794 930 827 eius
942 794 999 826 Sa-

210 843 355 890 pientia:
374 840 543 888 postremo
564 842 722 887 Spiritum
736 839 881 876 sanetum
894 864 904 881 ,
923 852 999 874 tan-

209 903 309 938 quam
333 892 400 924 eius
414 893 570 931 virtutem
586 893 768 936 peremnia
782 891 917 938 quidem
931 888 996 923 dif-

209 938 310 974 fusam
320 962 329 977 ‚
345 951 416 987 quae
427 951 536 973 tamen
548 936 709 985 perpetuo
722 940 754 972 in
769 939 837 986 ipso
849 938 994 973 resideat.

266 989 316 1024 M.
345 988 428 1022 Inde
438 986 700 1035 significas,nihil
713 986 772 1022 effe
785 987 951 1026 absurdi,s1
963 989 996 1021 in

209 1049 274 1072 vna
297 1037 477 1071 diuinitate
497 1036 667 1070 distinetas
691 1037 926 1072 constituamus
940 1036 996 1070 has

209 1096 274 1121 tres
291 1085 443 1133 personas
455 1109 465 1125 ,
487 1085 669 1133 Deumque
678 1098 853 1134 propterea
862 1098 931 1121 nou
943 1087 997 1120 di-

211 1135 297 1170 uidi.

258 1187 295 1218 1³.
328 1185 377 1216 Ita
388 1180 444 1216 est.

258 1233 310 1266 Μ.
339 1232 454 1265 Recita
464 1230 527 1264 iam
540 1230 679 1276 primam
691 1240 828 1277 partem.

252 1283 290 1315 P.
332 1280 488 1314 Credoin
501 1280 613 1313 Deum
625 1281 756 1313 Patrem
775 1280 996 1328 omnipoten—

209 1330 493 1368 tem‚Creatorem
507 1328 584 1362 coeli
595 1331 627 1363 ὅ(
639 1339 742 1361 terrae.

257 1379 309 1413 M.
339 1378 410 1411 Cur
421 1380 549 1411 Patrem
561 1377 734 1410 nominas?

255 1429 292 1461 P.
319 1425 444 1461 Christi
453 1424 599 1474 primum
609 1425 744 1472 quidem
757 1425 952 1473 intuituzqui
963 1429 997 1461 &

208 1476 374 1523 Sapientia
393 1477 460 1509 eius
473 1475 534 1513 est,
555 1473 595 1508 ab
606 1474 676 1522 ipso
687 1475 798 1522 genita
809 1486 883 1508 ante
894 1487 996 1509 omne

208 1535 341 1572 ternpus
354 1548 363 1563 ,
374 1529 405 1560 δι’
421 1522 530 1558 missus
545 1523 578 1556 in
592 1522 677 1557 hunc
689 1523 849 1558 mundum
861 1547 871 1563 ‚
885 1524 994 1558 decla—

207 1585 295 1608 ratus
305 1571 367 1608 fuit
379 1574 446 1608 eius
458 1573 665 1607 Filius.Hinc
674 1583 782 1606 tamen
793 1573 995 1620 colligimus,

208 1623 285 1658 cum
298 1624 392 1657 Deus
402 1621 472 1657 Iesu
486 1620 612 1657 Christi
624 1620 662 1655 sit
673 1623 779 1661 Pater,
794 1621 894 1656 nobis
906 1634 995 1670 quo-

207 1684 273 1720 que
283 1670 343 1706 csse
353 1674 495 1706 Patrem.

254 1721 306 1755 M.
335 1723 416 1767 Q
435 1718 525 1755 sensu
536 1730 662 1754 nomen
672 1718 721 1753 illi
734 1719 995 1767 Omnipotentis

206 1769 341 1806 tribuis?

255 1822 291 1853 P.
319 1821 403 1854 Non
423 1817 488 1852 hoc
506 1817 610 1852 modo
620 1818 804 1865 potentiam
817 1816 921 1866 ipsum
934 1818 994 1853 ha-

205 1866 285 1902 bere
295 1891 306 1907 ,
325 1880 423 1916 quam
436 1880 504 1901 non
517 1876 681 1902 exerceat:
700 1864 754 1901 sed
765 1870 878 1902 omnia
889 1868 994 1916 ipsum

207 1916 327 1953 habere
338 1917 394 1952 sub
402 1917 562 1965 potestate
572 1920 603 1952 δι
612 1917 933 1962 manuzprouidentia
942 1917 995 1953 sua

207 1965 388 2015 gubernare
397 1963 708 2004 mundun1‚arbitrio
720 1964 776 1999 suo
787 1967 898 2001 omnia
910 1979 993 2002 con-

206 2015 513 2051 stitueremmnibus
525 2015 690 2054 creaturis,
703 2026 804 2062 prout
819 2014 922 2052 visum
934 2015 993 2057 est,

206 2065 380 2112 imperare.

266 2114 317 2148 M.
343 2117 459 2161 Itaque
478 2124 547 2147 non
567 2112 706 2147 otiosam
725 2112 794 2148 Dei
806 2113 994 2160 potentiam

190 2163 194 2167 “
207 2160 319 2210 fingis:
331 2161 383 2198 sed
395 2165 493 2197 talem
505 2159 566 2196 effe
579 2173 797 2209 reputas‚quae
808 2174 941 2196 manum
952 2175 994 2196 o-

85 2415 162 2439 Rom.
174 2419 198 2439 1.

85 2460 122 2479 20

209 2213 280 2258 peri
292 2211 416 2259 semper
425 2212 592 2246 admotam
604 2210 780 2245 habeatzfic
794 2222 828 2245 vt
840 2210 994 2252 nihil,ni-

209 2259 234 2294 fi
247 2271 303 2342 pipi·
313 2259 568 2343 ἰξξυιῃάεὶὺῑςυε
583 2259 804 2300 decretoffiat.

285 2332 294 2341 .
347 2321 376 2342 lc
388 2321 404 2342 e
435 2333 444 2342 ο

251 2357 302 2391 Μ.
323 2357 489 2404 Qorsum
498 2355 592 2391 addis
602 2357 762 2392 Creatore
769 2356 844 2392 coeli
853 2360 885 2392 δι
893 2359 993 2404 terre?
1014 2381 1015 2384 ,

257 2407 294 2439 P.
325 2404 495 2447 Quoniam
506 2417 562 2451 per
571 2417 670 2451 opera
679 2405 709 2440 se
719 2406 817 2441 nobis
826 2404 991 2453 patefecit:

210 2453 320 2488 inillis
332 2466 468 2502 quoque
479 2453 576 2487 nobis
587 2455 776 2500 quaerendus
792 2454 848 2488 est.
871 2455 994 2501 Neque

210 2504 301 2537 enim
314 2502 452 2538 effentiae
463 2504 530 2536 eius
542 2513 640 2548 capax
649 2501 694 2536 est
705 2515 797 2538 mens
806 2500 924 2537 nostra.
937 2502 994 2537 Est

209 2552 311 2599 igitur
336 2552 477 2586 mundus
496 2549 563 2598 ipse
581 2551 684 2585 veluti
701 2548 864 2597 speculum
882 2552 993 2597 quod-

209 2602 296 2641 dam,
311 2601 345 2635 in
357 2613 425 2649 quo
437 2613 510 2635 eum
524 2597 682 2647 poffimus
693 2597 861 2647 inspicere:
875 2610 994 2647 quate-

207 2661 270 2684 nus
282 2660 356 2684 eum
370 2647 570 2698 cognoscere
582 2647 690 2683 nostra
703 2647 813 2683 refert.

267 2699 318 2733 M.
349 2701 410 2734 Per
426 2699 547 2733 coelum
566 2702 599 2734 δι
618 2708 735 2732 terram
752 2710 792 2731 an
812 2709 880 2731 non
897 2698 993 2745 quic-

208 2748 289 2794 quid
301 2759 454 2795 praeterea
465 2759 681 2782 creaturarum
694 2756 780 2780 extat
789 2769 799 2786 ‚
811 2747 993 2795 intelligis?

258 2798 295 2830 Ρ.
323 2796 400 2830 Ιῑῃὸ
423 2796 523 2831 vero:
549 2794 602 2831 sed
622 2794 674 2828 his
689 2794 819 2829 duobus
837 2798 993 2836 *nomini-

208 2844 270 2879 bus
281 2841 498 2887 continentur
514 2856 633 2880 omnes
645 2867 655 2883 ,
669 2844 762 2891 quod
781 2855 835 2878 aut
846 2844 993 2881 coelestes

207 2893 341 2932 sint‚aut
355 2905 502 2929 terrenae.

263 2943 314 2977 M.
333 2945 402 2977 Cur
412 2953 522 2977 autem
537 2943 650 2977 Deum
663 2943 858 2978 Creatorem
872 2941 991 2978 dunta-

207 3001 260 3026 xat
277 3003 467 3038 nuncupas:
488 2991 562 3025 cum
582 2992 665 3025 tueri
685 2988 939 3039 conseruare'que
956 2994 992 3028 in

206 3038 265 3075 suo
278 3038 360 3075 statu
375 3051 533 3075 creaturas
544 3040 650 3075 multo
663 3039 700 3075 fit
712 3039 992 3090 praestantius,qui

205 3087 306 3123 semel
316 3087 498 3124 condidisse
509 3092 524 3121 ἒ

256 3139 294 3172 Ρ.
323 3139 447 3185 Neque
473 3136 554 3172 verb
568 3136 627 3173 hac
647 3136 803 3185 particula
830 3137 992 3173 indicatur

207 3185 394 3227 tantumffic
404 3199 504 3234 opera
516 3183 566 3220 sua
577 3188 688 3220 Deum
701 3184 798 3220 semel
810 3186 924 3222 creasse
933 3209 943 3225 ,
955 3198 991 3222 vt

205 3235 339 3269 illorum
353 3234 464 3282 postea
475 3247 582 3269 curam
595 3234 863 3281 abiecerit-Qu
877 3236 990 3282 potius

201 3281 250 3319 fic
259 3282 452 3320 habendum
463 3283 530 3325 est,
541 3284 702 3320 mundum
711 3305 721 3323 ‚
742 3294 776 3319 vt
790 3281 885 3321 semel
897 3284 938 3320 ab
949 3296 990 3320 eo

1816 218 1853 252 Ι7

1050 255 1113 291 fuit
1126 259 1294 300 conditus,
1306 259 1349 293 ira
1363 268 1450 293 nunc
1465 259 1505 294 ab
1516 273 1555 295 eo
1568 262 1760 300 conseruari:
1776 277 1837 301 nec

1049 308 1184 343 aliter&
1197 318 1328 347 terram,
1339 313 1370 344 δι
1383 310 1443 342 alia
1453 312 1567 344 omnia
1579 315 1668 353 stare,
1681 313 1740 349 nisi
1753 327 1837 362 qua-

1048 365 1143 388 tenus
1154 359 1222 390 eius
1240 357 1362 392 virtute
1374 382 1383 397 ‚
1403 362 1436 394 δι
1455 358 1542 406 quasi
1557 373 1658 404 manu
1675 362 1837 398 sustinen-

1051 413 1112 437 tur.
1147 406 1303 439 Praeterea
1313 429 1322 444 ‚
1333 406 1408 440 clim
1418 407 1460 441 sic
1471 410 1584 443 omnia
1599 408 1655 445 sub
1668 424 1765 446 manu
1774 412 1835 447 ha-

1048 450 1124 486 beat
1136 476 1145 491 ‚
1161 454 1239 487 iude
1252 455 1350 489 etiam
1378 455 1555 491 conficitur
1567 479 1576 496 ,
1591 458 1754 494 summum
1775 458 1836 496 esse

1049 502 1294 536 moderatorem
1306 505 1460 539 omnium
1473 518 1508 540 ac
1530 507 1733 543 Dominum.
1761 511 1831 544 Ita-

1048 560 1132 596 que,
1146 563 1182 584 ex
1195 563 1263 598 quo
1285 552 1425 587 Creator
1443 553 1489 589 est
1503 556 1578 589 coeli
1593 568 1628 590 ac
1647 567 1756 596 terrae,
1779 560 1834 593 in·

1047 599 1197 646 telligere
1214 601 1373 634 conuenit
1385 624 1396 640 ,
1408 613 1481 636 eum
1494 602 1555 639 effe
1572 617 1692 643 vnum,
1708 607 1765 653 qui
1785 605 1834 641 sa—

1033 648 1188 693 pientia,
1210 648 1380 688 bonitate,
1404 653 1560 696 patientia
1572 676 1580 689 ‚
1593 665 1701 688 totum
1711 650 1832 689 ussurae

1048 694 1175 730 cursum
1189 708 1287 744 atque
1300 698 1454 732 ordinem
1467 713 1576 749 regat:
1589 703 1645 751 qui
1661 703 1778 750 pluuiae
1790 703 1833 739 si-

1048 746 1115 779 rnul
1138 757 1171 779 ac
1191 745 1364 785 siccitatis,
1383 749 1581 793 grandinum
1602 775 1612 790 ,
1631 751 1833 800 aliarumque

1047 794 1278 840 tempestatum
1291 818 1300 833 ,
1314 807 1349 829 ac
1366 793 1543 831 serenitatis
1559 799 1595 834 Γπ
1615 800 1753 836 author:
1775 803 1833 849 qni

1046 840 1254 890 benignitate
1273 842 1324 877 sua
1342 854 1459 878 terram
1485 844 1670 888 fcecundm,
1691 847 1832 898 eamque

1046 889 1168 930 rursuS,
1182 904 1314 930 manum
1335 892 1422 926 suam
1443 895 1631 931 reducendo
1654 922 1663 936 ‚
1691 898 1834 933 sterilem

1045 939 1171 973 reddat.
1198 940 1216 974 a
1227 953 1294 988 quo
1307 940 1421 975 sanitas
1433 940 1526 977 simul
1538 957 1574 978 ac
1586 945 1696 981 morbi
1709 960 1834 994 proue-

1045 989 1139 1021 niant
1152 1003 1159 1022 ι
1173 991 1264 1022 cuius
1277 990 1420 1036 denique
1432 992 1573 1038 imperio
1587 992 1771 1031 subiaceant
1789 1009 1834 1031 o-

1046 1037 1185 1076 mnia,&
1198 1039 1289 1072 nutui
1301 1038 1536 1085 obsequantur.

1103 1086 1153 1119 M.
1202 1089 1257 1122 De
1275 1088 1386 1134 impiis
1406 1100 1515 1124 autern
1536 1095 1568 1127 δι
1589 1092 1729 1128 diabolis
1750 1094 1833 1141 quid

1044 1131 1219 1169 sentiemus
1231 1138 1244 1170 ?
1256 1148 1297 1170 an
1311 1148 1366 1170 eos
1380 1149 1515 1186 quoque
1527 1140 1675 1176 dicemus
1695 1144 1743 1177 illi
1754 1142 1833 1177 sub-

1046 1180 1122 1218 else?

1104 1235 1143 1269 P.
1191 1235 1391 1282 Quanquam
1405 1237 1529 1283 Spiritu
1551 1249 1607 1272 eos
1623 1235 1678 1272 suo
1690 1251 1757 1273 non
1770 1253 1834 1289 gu-

1043 1279 1171 1318 bernat,
1185 1281 1236 1316 sua
1249 1293 1358 1317 tamen
1371 1285 1548 1330 potestate,
1565 1297 1719 1334 tanquam
1731 1287 1832 1324 sraeno

1044 1341 1100 1363 eos
1112 1342 1293 1370 coercet,vt
1303 1345 1344 1366 ne
1357 1346 1491 1369 mouere
1502 1336 1638 1381 quidem
1652 1335 1682 1371 se
1692 1350 1828 1384 queant,

1045 1377 1104 1411 nisi
1114 1390 1182 1426 quo
1193 1381 1232 1415 ad
1243 1381 1305 1414 illis
1321 1383 1696 1430 permittit.Qnetiam
1707 1388 1832 1423 volun-

1043 1429 1118 1460 tatis
1128 1427 1187 1462 suae
1198 1427 1276 1463 facit
1289 1430 1455 1465 ministros
1468 1455 1478 1471 ‚
1490 1444 1525 1468 vt
1544 1435 1642 1468 inuiti
1669 1447 1704 1469 ac
1717 1447 1833 1483 praeter

1043 1473 1135 1510 suum
1148 1477 1563 1529 confilium,exequi‚qucd
1575 1482 1622 1516 illi
1635 1481 1740 1519 visum
1757 1483 1831 1521 fue-

1042 1526 1274 1574 rit,c0gantur.

1091 1575 1141 1608 M.
1162 1576 1255 1620 Qid
1267 1576 1306 1611 ad
1315 1588 1347 1612 te
1358 1590 1395 1612 ex
1407 1578 1474 1615 eius
1486 1578 1532 1612 rei
1545 1579 1742 1627 cognitione
1761 1585 1830 1619 vri-

1043 1621 1146 1657 litatis
1157 1626 1264 1659 redit?

1090 1675 1125 1706 P.
1164 1673 1359 1708 Plurimum.
1378 1673 1468 1709 Male
1479 1676 1570 1711 enim
1593 1688 1744 1724 ageretur
1764 1691 1830 1714 no—

1041 1717 1182 1762 biscum,
1193 1721 1216 1757 si
1228 1721 1413 1768 diabolis&
1423 1724 1537 1771 impiis
1548 1725 1742 1761 hominibus
1754 1741 1831 1776 pre-

1042 1779 1093 1804 ter
1103 1771 1172 1806 Dei
1183 1772 1388 1807 voluntatem
1401 1774 1710 1820 quicquamlicerer:
1725 1778 1831 1813 aded-

1044 1831 1109 1866 que
1117 1821 1301 1868 tranquillis
1313 1822 1433 1856 animis
1444 1824 1592 1870 nuquam
1604 1823 1752 1865 essemus,
1765 1839 1828 1861 nos

1043 1880 1158 1904 eorum
1170 1869 1306 1904 libidini
1316 1870 1482 1918 expositos
1491 1870 1552 1906 effe
1566 1874 1738 1921 cogitate&
1756 1878 1829 1911 Ve-

1042 1917 1115 1953 rum
1127 1941 1138 1958 ,
1149 1928 1228 1953 tunc
1240 1919 1373 1954 demum
1388 1919 1465 1954 tuto
1477 1919 1737 1969 conquiescimus
1748 1949 1758 1966 ,
1768 1924 1829 1960 vbi

1042 1964 1231 2003 fraenarieos
1245 1970 1313 2003 Dei
1330 1969 1468 2005 arbitrio
1481 1992 1490 2008 ,
1512 1974 1542 2006 &
1553 1982 1709 2018 tanquam
1721 1973 1754 2007 in
1774 1986 1830 2008 ar-

1041 2017 1097 2050 ἑὶο
1107 2017 1271 2052 contineri
1280 2017 1396 2053 scimus
1409 2017 1475 2057 ,sne
1486 2019 1567 2065 quid
1578 2042 1587 2058 ,
1603 2018 1661 2053 nisi
1673 2022 1740 2055 eius
1752 2035 1830 2069 per-

1042 2062 1294 2113 missu,poffint:
1309 2070 1376 2113 qus]
1388 2066 1563 2114 praesertim
1577 2069 1670 2103 Dens
1685 2069 1751 2116 ipse
1763 2084 1830 2106 no-
1881 2083 1885 2087 ⁴

1041 2113 1093 2148 bis
1107 2113 1136 2148 se
1145 2126 1292 2150 tutorem
1302 2114 1374 2150 fore
1384 2139 1395 2157 ,
1415 2115 1585 2164 salutisque
1597 2116 1764 2164 praesidern
1775 2133 1830 2155 re-

1043 2165 1178 2210 ceperit.

1041 2256 1128 2296 mus.

1088 2312 1126 2343 P.
1176 2309 1224 2344 Ea
1234 2308 1297 2345 est:
1318 2310 1463 2345 Credere
1471 2324 1532 2346 nos
1545 2313 1578 2350 in
1591 2312 1698 2349 Iesum
1724 2314 1828 2350 chri-

1042 2357 1126 2392 stum
1146 2359 1268 2393 Filium
1281 2360 1350 2394 eius
1368 2362 1522 2402 vnicurn,
1540 2363 1731 2404 Dominum
1755 2377 1821 2399 no-

1040 2407 1152 2442 strum.
1713 2425 1716 2434 ¹

1088 2456 1139 2490 M.
1168 2456 1260 2504 Qd
1273 2458 1435 2506 praecipue
1447 2460 1696 2506 compleffitur?

1088 2508 1125 2538 P.
1164 2506 1284 2540 Filium
1295 2508 1364 2542 Dei
1374 2506 1473 2542 nobis
1486 2507 1546 2544 effe
1554 2509 1768 2544 seruatorem:
1782 2507 1827 2544 fi-

1041 2551 1178 2600 mfilque
1189 2555 1326 2590 modum
1337 2558 1496 2602 explicat,
1517 2570 1585 2604 quo
1604 2570 1666 2592 nos
1688 2558 1706 2593 a
1717 2570 1827 2594 morte

1038 2602 1406 2652 redemerit‚vitatnque
1417 2605 1611 2652 acquisierit.

1088 2651 1139 2685 M.
1160 2653 1262 2699 ‘Qd
1276 2652 1336 2689 sibi
1350 2653 1420 2688 vult
1432 2667 1557 2695 nomen
1570 2654 1653 2697 Iesu,
1668 2668 1736 2706 quo
1748 2657 1825 2693 eu‘m

1038 2700 1200 2747 appellas?
1279 2703 1283 2708 ⁴

1087 2752 1122 2784 P.
1166 2748 1272 2796 Qd
1292 2750 1417 2785 Graecis
1435 2749 1597 2799 significat
1613 2765 1740 2789 nomen
1761 2768 1824 2787 σω·-

1038 2798 1123 2843 ιτῖἰρος
1133 2822 1142 2837 ,
1155 2798 1267 2832 Latini
1280 2800 1450 2846 proprium
1460 2812 1582 2836 nomen
1603 2814 1670 2836 non
1683 2801 1820 2844 habent,

1038 2857 1106 2892 quo
1116 2845 1202 2880 bene
1211 2846 1260 2879 vis
1270 2847 1338 2880 eius
1349 2849 1556 2895 exprimatur.
1568 2852 1700 2898 Itaque,
1711 2852 1822 2886 Salua-

1183 2213 1287 2248 Nunc
1308 2212 1349 2248 ad
1367 2210 1539 2248 secundam
1569 2227 1696 2263 partem
1714 2218 1830 2252 venia-

1038 2895 1120 2929 toris
1129 2894 1328 2930 vocabulum
1339 2897 1443 2945 vulgo
1455 2909 1623 2945 receptum
1637 2898 1819 2934 fuit.Porro
1832 2913 1944 2945 Maus:

1037 2944 1124 2978 Filio
1136 2943 1204 2978 Dei
1220 2942 1305 2979 hanc
1322 2946 1580 2992 appellationem
1602 2947 1725 2983 indidit
1744 2951 1817 2984 An·
1830 2965 1860 2984 21

1038 2991 1244 3041 gelus,ipfius
1255 2993 1322 3027 Dei
1333 2992 1424 3029 iussu.

1085 3042 1136 3076 M.
1156 3040 1257 3076 Estne
1268 3041 1332 3077 hoc
1345 3044 1561 3092 pluris,quam
1572 3044 1596 3080 si
1607 3042 1760 3085 homines
1774 3046 1821 3080 il-

1036 3090 1060 3125 li
1071 3088 1278 3126 indidissent?

1084 3142 1121 3174 Ρ.
1161 3139 1329 3174 Omnino.
1339 3142 1430 3176 Nam
1453 3153 1554 3188 quum
1579 3141 1619 3177 sic
1639 3144 1822 3190 nuncupari

1040 3188 1121 3223 velit
1132 3189 1341 3228 Deus,talern
1349 3202 1485 3238 quoque
1494 3190 1554 3225 effe
1565 3189 1692 3238 prorsus
1707 3190 1820 3227 neces—

1037 3235 1068 3271 se
1084 3236 1148 3323 §ii-
1165 3286 1263 3335 Qd
1271 3286 1392 3323 deinde
1404 3287 1625 3371 valetnongen
1639 3287 1785 3344 §.bristi-5

1592 3360 1600 3374 -
1640 3349 1687 3384 ¹¹1·
