2113 3674
647 167 733 202 DE
782 168 924 203 FVG.

185 237 284 277 atque
301 226 501 267 defendunt,
523 225 615 274 quod
635 226 831 262 Parochiale
853 227 965 261 nomi-

183 279 314 317 nant‚in
326 289 394 324 quo
406 277 541 324 quidem
555 278 599 310 eis
614 273 684 322 plus
696 276 920 311 similitudinis
930 288 966 311 ac

182 325 408 361 consensionis
417 338 490 359 cum
505 327 612 360 Coena
621 324 690 359 lesu
703 324 829 359 Christi
840 323 899 359 effe
911 325 963 359 vi-

178 376 284 411 detur.
313 377 365 409 Ac
384 387 454 409 non
473 373 586 420 inepte
607 374 742 421 quidem
763 375 828 408 dici
871 373 952 408 offer

175 422 286 459 Missas
297 435 414 458 ornnes
426 434 498 470 quae
510 423 664 457 dicuntur
674 446 684 462 ,
698 434 801 469 quum
816 386 966 457 a‘isliicrfli'l³

176 473 257 508 culis
270 471 379 507 infimi
389 473 422 506 in
433 485 472 506 eo
483 484 603 520 genere
611 472 739 506 ordinis
753 470 963 511 hominibus,

177 531 249 556 tum
261 522 360 556 etiarn
374 521 391 556 ἒι
402 521 584 556 Canonicis
594 544 603 559 ,
618 520 774 554 autabiis
783 518 962 554 sacerdoti-

175 569 237 605 bus
246 571 304 617 qui
317 571 413 604 certis
427 568 550 604 sacellis
566 568 639 602 sunt
649 567 805 616 praesedii,
818 566 963 603 caeteras-

175 631 242 666 que
260 631 377 654 omnes
389 630 460 666 quae
477 628 560 652 voto
571 618 706 652 alicuius
723 617 871 652 hominis
884 615 963 651 fun-

175 669 257 702 datae
269 666 357 706 sunt,
371 668 483 702 aurita
495 667 624 701 venales
636 677 672 700 vt
685 666 800 701 diebus
813 665 962 713 prostent

174 715 313 764 fingulis
330 739 341 755 ,
362 714 422 750 effe
441 728 510 750 non
531 714 701 749 diffimiles
718 714 960 754 meretricibus,

173 776 245 811 quae
260 767 293 799 in
315 765 461 811 lupanari
473 763 655 811 prostituta?
666 786 676 801 ‚
697 762 763 798 sine
783 763 912 810 pudore
924 775 961 797 ac

172 813 371 848 verecundia
401 813 560 850 omnibus
587 825 726 859 corpora
754 810 805 846 sua
826 813 958 859 peruul-

171 874 273 910 gant:
300 862 430 897 Missam
448 861 529 896 vero
546 862 765 909 parochialem
777 859 838 895 effe
854 860 958 908 persi-

171 911 288 946 milem
306 913 336 946 ei
355 911 541 949 meretrici,
567 922 638 957 quae
656 910 694 944 ad
716 910 959 956 impudicitiam

171 959 259 995 suam
271 961 502 995 occultandam
514 983 525 998 ,
544 957 755 1006 honestaeque
768 956 913 993 foeminae
924 971 960 993 ac

169 1010 297 1056 pudicae
309 1008 587 1044 existimationem
597 1007 803 1042 retinendam
816 1011 849 1043 &
860 1018 958 1041 tuen—

170 1058 246 1092 dam
272 1056 414 1093 honesto
441 1057 548 1091 mariti
569 1057 709 1090 nomine
729 1055 903 1102 percallicie
922 1068 958 1089 a*—

170 1105 308 1141 butitur.
356 1109 556 1154 anuam
573 1104 754 1139 similitudo
772 1103 841 1139 haec
860 1105 958 1138 omni

170 1168 208 1190 ex
226 1165 317 1202 parte
338 1168 409 1190 non
428 1154 474 1189 est
495 1154 626 1201 propria
645 1167 653 1187 ε
673 1165 732 1199 pro
739 1163 847 1200 pterea
864 1153 957 1199 quod

168 1204 325 1239 meretrix
342 1205 462 1238 marito
475 1203 587 1237 iumsta
603 1201 739 1236 habebit
759 1202 884 1248 aliquid
897 1205 956 1235 vej-

168 1251 333 1286 recundiae
351 1265 386 1286 ac
405 1251 595 1290 modestiae,
615 1263 658 1285 ne
673 1250 834 1284 omnibus
852 1248 882 1284 se
897 1249 955 1284 ad-

169 1300 326 1335 euntibus
347 1300 522 1348 prostituat
539 1304 572 1335 &
593 1299 706 1346 vulget
722 1312 730 1333 ε
759 1297 854 1333 Missa
876 1297 956 1332 vero

168 1348 367 1397 parochialis
385 1349 431 1384 est
449 1349 637 1384 idololatria
647 1348 802 1382 omnium
815 1345 958 1381 maxime

170 1400 361 1434 communis
372 1411 406 1433 ac
417 1397 607 1444 peruulgata
617 1419 628 1435 ‚
640 1397 680 1431 ad
691 1396 844 1431 omnium
859 1396 956 1442 cupi-

171 1446 290 1482 ditates
310 1445 509 1493 nefariasque
527 1445 683 1480 libidines
704 1455 895 1492 opportuna
905 1455 957 1479 at-

170 1507 236 1543 que
254 1494 411 1544 expolita.
439 1493 588 1530 Tametsi
606 1494 729 1540 impuri
746 1493 799 1529 isti
819 1494 955 1528 lenones

170 1556 242 1579 eam
262 1543 372 1579 fucant
382 1556 418 1579 ac
430 1545 563 1591 poliunt
572 1555 613 1577 eo
626 1543 739 1578 colore
751 1554 787 1576 ac
797 1541 955 1576 venusta,

169 1603 203 1628 te
219 1592 433 1632 huiusmodi,
456 1591 550 1640 quod
571 1592 677 1638 aliqua
695 1589 802 1625 adhuc
819 1589 958 1637 vestigia

168 1643 287 1677 Coenae
296 1642 366 1677 Iesu
377 1641 504 1677 Christi
512 1640 713 1675 retineatuta
723 1637 795 1673 sane
805 1637 892 1685 quasi
907 1640 957 1672 la-

166 1702 222 1725 tro
242 1702 315 1725 tum
335 1690 473 1738 quidem
485 1687 751 1737 magnificentius
761 1685 956 1736 gloriosius-

166 1750 233 1786 que
252 1738 282 1774 se
299 1738 476 1774 ostentaret
487 1751 523 1774 ac
534 1738 666 1772 iactaret
677 1760 688 1776 ,
708 1737 783 1771 curn
794 1736 907 1783 potius
919 1749 956 1770 a-

166 1786 354 1835 mistusque
363 1786 437 1823 effer
448 1787 560 1834 spoliis
572 1787 653 1825 eim,
665 1797 766 1833 quem
778 1783 845 1831 ipse
856 1786 957 1832 iugu-

165 1834 268 1876 lasset,
279 1835 436 1884 cuiusque
447 1847 571 1883 equum
584 1831 829 1869 conscendisset.
859 1834 954 1873 Nos,

162 1885 328 1932 -in‘quiunt
345 1907 356 1925 ,
390 1886 534 1920 Coenam
545 1883 616 1918 Iesu
629 1881 755 1918 Christi
766 1882 954 1929 quaerimus:

165 1946 270 1980 quum
281 1946 352 1968 earn
363 1934 499 1980 quidem
510 1945 626 1980 puram
637 1943 707 1966 non
719 1929 884 1978 possumus
897 1930 953 1965 ha-

166 1980 246 2016 bere
257 1984 292 2017 in
303 1995 338 2017 ea
350 1982 523 2029 tyrannide
533 2004 545 2021 ‚
564 1993 629 2029 qua
639 1977 780 2028 oppressi
793 1978 847 2014 hic
859 1990 954 2014 tene-

168 2033 324 2067 murmt'ie
335 2042 469 2077 oportet
481 2043 542 2065 nos
553 2029 759 2078 acquiescere
768 2029 801 2063 in
810 2041 850 2063 eo
862 2029 954 2075 quod

168 2077 269 2113 nobis
280 2080 428 2113 relictum
439 2079 485 2114 est
497 2101 508 2118 ‚
527 2080 595 2113 Dei
607 2091 740 2113 manum
752 2082 786 2114 &
796 2078 954 2112 auxilium

169 2128 389 2173 expe-stantes.
397 2127 541 2176 Egregia
553 2127 636 2162 vero
652 2132 683 2163 &
696 2128 844 2174 praeclara
855 2138 954 2161 excu-

169 2175 263 2210 satio.
278 2176 448 2225 Qui-arn
459 2177 585 2210 nullum
597 2178 716 2210 Coenae
726 2176 852 2210 testum
864 2176 953 2209 inte—

169 2223 337 2272 gti'imque
359 2221 450 2258 vsum
461 2223 584 2258 habent
595 2246 606 2263 ,
626 2223 714 2270 quali
727 2223 954 2271 prouifionem

169 2272 336 2320 quandam
357 2271 487 2317 adepti,
506 2271 664 2305 testantur
683 2273 833 2318 &palam
845 2271 953 2319 profi-

169 2332 281 2356 tentur
292 2319 321 2355 se
337 2317 442 2354 Iesum
452 2318 621 2354 Christum
633 2330 789 2355 aeternum
798 2318 954 2355 vniei‘im-

169 2382 236 2417 que
250 2368 460 2404 Sacerdotem
469 2379 536 2402 non
547 2365 668 2401 habere
679 2389 690 2406 ‚
709 2377 806 2414 atque
818 2367 953 2416 lingulis

168 2417 391 2453 hebdomadis
401 2428 525 2451 nouum
532 2414 724 2450 sacrificium
735 2428 954 2463 querere,quo

168 2472 302 2515 peccata
313 2466 490 2501 deleantur.
516 2466 607 2499 Nam
619 2464 684 2498 hoc
695 2464 831 2511 quidem
841 2472 953 2500 totum

169 2519 206 2553 in
215 2515 310 2551 Missa
321 2513 498 2562 parochiali
507 2513 600 2553 inest,
610 2525 679 2547 non
691 2514 801 2548 minus
810 2513 909 2561 quam
918 2514 953 2549 in

169 2578 207 2601 ea
217 2577 288 2613 quae
307 2563 445 2599 Nicolai
455 2563 594 2597 nomine
603 2574 656 2597 aut
666 2574 728 2609 pro
740 2563 880 2597 mortuis
890 2562 953 2597 ad,-

168 2612 316 2649 hibetur.
346 2615 424 2659 Qa
433 2611 570 2658 quidem
579 2612 612 2645 in
621 2623 665 2648 re,
675 2610 824 2645 simulant
833 2609 864 2647 se
875 2611 951 2645 ido-

167 2663 237 2698 lum
247 2663 428 2700 adoram&
438 2659 588 2696 tamense
596 2660 718 2694 iactant
729 2659 834 2694 Iesum
847 2659 952 2695 Chri-

166 2712 252 2748 stum
271 2722 422 2759 quaerere.
451 2712 503 2744 Ac
512 2719 554 2743 ne
571 2708 638 2743 fine
647 2709 759 2756 gladio
769 2720 823 2744 aut
834 2710 950 2755 clypeo

165 2773 313 2809 pugnare
322 2759 497 2793 videantur
507 2755 658 2792 aduersus
666 2759 779 2792 Deum
787 2780 798 2796 ,
812 2757 906 2791 huius
917 2762 951 2793 &

166 2810 255 2845 illius
275 2808 480 2843 authoritate
498 2804 638 2840 afferunt
647 2817 747 2852 atque
758 2817 949 2853 opponunt:

166 2858 257 2906 quasi
277 2856 357 2893 vero
374 2855 540 2890 absolutio
562 2856 659 2889 vuius
677 2855 813 2890 alicuius
832 2853 948 2889 horni-

169 2908 220 2942 nis
231 2919 287 2942 eos
299 2904 398 2954 poffit
406 2905 548 2939 eximere
556 2915 591 2939 ac
599 2903 736 2938 liberare
745 2926 756 2943 ,
778 2917 819 2938 ne
833 2904 851 2938 ὲ
869 2905 949 2938 Deo

168 2954 584 2991 condemnenturomitto
593 2952 672 2986 illud
683 2952 861 2990 dicere‚eos
869 2952 949 2987 insi-

169 3006 280 3053 gnitei·
290 3005 541 3050 mentiri‚quum
550 3013 607 3036 eos
616 3013 700 3048 quos
710 3001 877 3035 adducunt
889 3014 948 3048 pa·-

170 3063 300 3092 tronos,
311 3053 349 3087 ad
362 3051 585 3087 defensionem
598 3048 694 3084 causae
705 3045 765 3083 suae
775 3049 947 3085 adhibent·

169 3102 274 3151 Qod
283 3102 380 3137 etiam
393 3100 415 3136 fi
426 3103 470 3136 ita
482 3098 557 3135 effet
567 3122 578 3137 ,
596 3109 632 3132 vt
641 3099 692 3132 vir
699 3096 824 3132 sanstus
833 3111 868 3134 ac
876 3099 948 3146 pius

167 3151 348 3196 aliquando
375 3162 436 3196 pro
457 3159 610 3194 ternpore
640 3145 845 3188 existimasset
865 3146 948 3182 nihii

169 3199 244 3233 mali
254 3197 313 3233 effe
319 3199 357 3233 ad
369 3197 496 3234 Missam
507 3195 706 3245 parrochiale
714 3196 886 3235 accedere,
897 3207 947 3231 ta-

169 3257 244 3281 men
260 3245 283 3281 si
299 3247 411 3295 postea
429 3248 485 3283 ille
494 3245 656 3295 cognouit
665 3243 758 3294 quod
768 3243 884 3282 veriim
893 3257 948 3295 reg

975 166 1272 204 IDOLOL.

1750 179 1805 208 621

1017 225 1175 274 &tumque
1186 227 1269 267 cst‚s1
1280 227 1423 275 priorem
1437 228 1524 265 suam
1537 229 1732 276 opinionem
1742 233 1805 268 im-

1014 274 1168 321 probauit
1177 289 1212 311 ac
1223 278 1413 318 damnauit,
1428 291 1468 312 eo
1481 280 1586 319 maior
1596 278 1676 313 fides
1689 281 1803 328 postc—

1011 325 1094 358 riori
1108 326 1175 358 cius
1189 324 1331 359 sente'tiae
1344 319 1495 361 habenda
1505 327 1663 375 ·est,quod
1676 330 1714 363 ad
1729 342 1803 366 earn

1011 372 1295 418 improbationem
1308 376 1400 409 Deus
1412 377 1504 410 illuni
1515 377 1663 416 deduxit,
1677 379 1726 411 vel
1739 391 1804 425 po-

1012 419 1077 454 tius
1090 423 1275 468 compulit,
1295 427 1326 458 δι
1341 424 1432 470 quod
1444 437 1478 458 ca
1492 426 1524 459 in
1537 426 1803 473 redeprehcndit

1011 468 1173 516 plane'que
1189 473 1356 516 cognouit,
1371 471 1400 506 se
1423 475 1581 508 reuictum
1596 473 1678 514 else,
1699 476 1802 522 quam

1009 518 1086 553 ante
1109 531 1311 565 magnopere
1328 522 1483 566 amplec'fi
1503 535 1601 569 atque
1619 524 1802 570 approbare

1010 565 1194 602 videbatur.
1236 568 1298 602 Sed
1321 570 1401 614 quid
1425 582 1507 614 opus
1531 571 1576 606 est
1597 572 1652 607 hic
1670 575 1792 613 verita-

1010 625 1076 650 tem
1088 615 1177 662 quafi
1189 628 1307 663 aquam
1321 630 1431 663 puram
1445 624 1476 653 δι
1489 620 1650 666 liquidam
1665 622 1800 657 miscere

1009 676 1045 700 ac
1055 664 1185 698 turbare
1205 667 1219 697 ἒ
1243 669 1297 699 An
1309 665 1387 700 veto
1399 664 1600 712 seopinionc
1613 682 1712 715 atque
1724 683 1800 704 ora-

1010 713 1102 748 tione
1122 712 1269 748 hominis
1285 715 1433 751 mortalis
1447 716 1559 751 Deum
1577 719 1800 754 intercludere

1008 774 1045 796 ac
1063 760 1298 797 circunuallarc
1317 763 1517 798 arbitrantur
1535 769 1550 797 ἓ
1579 768 1654 800 Nos
1667 765 1797 809 scimus,

1008 810 1233 858 praeteripsam
1245 812 1414 846 veritatem
1426 813 1507 847 nihil
1518 812 1691 861 ess'e2quod
1704 818 1735 850 in
1746 818 1800 851 iu-

1008 861 1100 894 dicio
1111 858 1175 894 sine
1187 861 1248 894 vlla
1265 859 1408 906 personae
1419 863 1798 908 exceptionedominati

1008 907 1205 952 debeat-Res
1217 919 1325 943 autem
1337 908 1381 944 est
1395 909 1596 951 huiusmodi,
1606 910 1695 958 qnod
1711 912 1799 947 Mis-

1005 956 1036 993 sa
1062 957 1255 1003 parochialis
1279 958 1323 992 est
1339 957 1485 993 instituta
1497 961 1535 994 ad
1548 959 1796 996 sacrificandum

1006 1004 1112 1041 Iesum
1125 1005 1308 1045 Christum,
1319 1018 1416 1054 atque
1429 1008 1467 1041 ad
1481 1010 1617 1054 gratiani
1629 1022 1703 1044 cum
1717 1011 1796 1044 Deo

1005 1055 1284 1090 reconciliandam
1296 1066 1365 1089 tum
1380 1068 1440 1101 pro
1450 1058 1533 1091 viuis
1546 1068 1616 1091 tum
1630 1070 1690 1104 pro
1705 1071 1797 1093 mor-

1005 1103 1090 1138 tuis:
1103 1108 1135 1140 &
1148 1103 1226 1138 vero
1236 1105 1332 1149 quod.
1343 1102 1478 1138 frustum
1492 1118 1583 1152 panis
1595 1106 1642 1140 ibi
1655 1107 1700 1140 ita
1710 1100 1797 1141 ado-

1003 1162 1094 1186 ratur
1104 1151 1190 1199 quasi
1202 1153 1302 1190 Fili-ns
1315 1154 1383 1187 Dei
1394 1151 1480 1186 ess'ct.
1510 1155 1585 1202 Ego
1597 1156 1712 1189 omnia
1725 1154 1796 1202 qu'ae

1005 1199 1054 1234 ibi
1072 1199 1404 1248 suntinquinarnenta
1417 1206 1448 1236 δι
1459 1202 1584 1250 flagitia
1599 1205 1796 1251 diligentius

1000 1246 1220 1296 subtiliusque
1238 1262 1307 1284 non
1320 1252 1451 1284 excutio
1471 1265 1478 1284 :
1503 1253 1573 1287 lunt
1586 1254 1796 1301 enimprope.

1005 1298 1275 1347 innumerabilia:
1295 1297 1348 1334 sed
1370 1298 1516 1334 crassiora
1539 1300 1668 1336 tantum
1681 1300 1796 1342 absur-

1006 1345 1165 1394 dioraique
1192 1359 1439 1383 commemoro.
1501 1350 1602 1383 Nunc
1624 1350 1647 1394 ij
1668 1352 1728 1396 qui
1739 1349 1796 1393 icit

1006 1396 1236 1442 tantarumque
1253 1397 1461 1443 impietatum
1480 1409 1516 1431 ac
1535 1400 1795 1444 corruptelarum

1005 1443 1197 1479 consensum
1207 1444 1472 1493 fingunt,manus
1484 1446 1594 1480 lauent
1606 1446 1672 1479 suas
1681 1458 1792 1494 qaan-

1004 1500 1075 1527 tum
1097 1493 1287 1532 voluerint,
1307 1505 1476 1540 nunquam
1494 1504 1605 1528 tamen
1624 1495 1731 1530 Pilato
1741 1497 1795 1530 iu-

1005 1540 1120 1579 stiores
1141 1552 1239 1588 atque
1257 1542 1505 1578 innocentiores
1517 1553 1635 1579 erunt.¹
1654 1544 1715 1587 Sed
1727 1546 1795 1579 mi-

1004 1601 1076 1623 rum
1088 1589 1179 1636 quod
1190 1589 1335 1625 istiboni
1346 1600 1382 1624 ac
1391 1589 1537 1638 religiosi
1552 1591 1709 1638 parochi,
1723 1600 1794 1635 tum

1005 1637 1150 1685 denique
1167 1650 1271 1685 quum
1292 1636 1410 1674 festum
1429 1637 1593 1674 Paschatis
1616 1641 1679 1675 iani
1688 1641 1792 1681 adest,

1004 1684 1136 1722 seorsim
1156 1700 1192 1721 ac
1203 1685 1375 1734 separatim
1387 1688 1524 1734 aliquod
1536 1686 1687 1724 sacellum
1701 1701 1791 1735 quae-.-

998 1745 1081 1772 runt
1093 1757 1103 1774 ,
1117 1746 1172 1770 aut
1185 1735 1386 1772 monachum
1401 1737 1544 1784 aliquem
1557 1736 1792 1774 semichristia-

1005 1785 1156 1831 num,qui
1165 1784 1529 1821 Coenamadulterinam
1539 1787 1584 1819 eis
1593 1796 1727 1833 paretlac
1736 1800 1794 1829 ex:-

1003 1832 1129 1868 hibeat.
1161 1833 1193 1867 Si
1214 1835 1323 1868 Coena
1344 1834 1540 1881 parochialis
1564 1835 1716 1881 proxime
1726 1847 1794 1871 tac.-

1004 1881 1091 1917 cedit
1103 1904 1113 1920 ,
1135 1882 1421 1928 quemadmodum
1439 1882 1474 1918 hi
1488 1883 1603 1921 dieunt
1615 1908 1625 1924 ‚
1643 1885 1682 1925 ad
1706 1886 1791 1920 Coe-

1003 1942 1077 1964 nam
1087 1930 1155 1965 lesu
1170 1929 1316 1970 Christi,
1336 1943 1394 1966 cur
1407 1944 1479 1967 eam
1491 1944 1560 1971 non
1570 1932 1792 1973 obseruant&
1824 1946 1830 1952 ¹
1854 1941 1857 1946 '

1002 1980 1169 2014 retinent?
1183 1979 1285 2014 Nunc
1297 1979 1376 2014 vero
1388 1981 1599 2029 posteaquam
1613 1983 1641 2017 ei
1656 1995 1713 2029 per
1724 1981 1792 2023 sin-
1836 1988 1853 1993 ”

1001 2029 1098 2075 gulos
1109 2028 1178 2062 dies
1188 2028 1394 2064 Dominicos
1406 2032 1483 2065 anni
1495 2029 1718 2065 interfuerunt
1729 2055 1739 2071 ,
1755 2042 1792 2067 vt

1001 2076 1203 2112 sacramento
1223 2079 1340 2113 Coenae
1354 2077 1792 2126 rite3c6municare‘videan-

1002 2125 1177 2165 tur,subito
1196 2138 1267 2160 earn
1286 2125 1479 2175 relinquunt
1497 2139 1595 2175 atque
1613 2128 1789 2165 abiiciunt.

1001 2174 1062 2210 Sed
1074 2174 1172 2208 nobis
1182 2174 1285 2221 quide
1305 2174 1502 2213 incostantia
1513 2177 1705 2213 huiusmodi
1719 2179 1788 2221 mi-

1001 2223 1093 2258 nime
1104 2224 1185 2257 mira
1197 2223 1303 2257 videri
1313 2223 1423 2273 debet:
1431 2226 1474 2259 est
1484 2225 1572 2266 enim
1583 2226 1649 2262 haec
1661 2231 1790 2263 certa&

1002 2271 1113 2307 debita
1125 2283 1222 2318 poena
1232 2294 1243 2310 ‚
1255 2283 1353 2318 quam
1367 2272 1557 2319 persoluunt
1569 2275 1705 2322 ij2quiin
1717 2277 1790 2318 ani,-

1001 2320 1065 2354 rnis
1081 2318 1143 2354 suis
1154 2320 1283 2354 nullum
1295 2321 1444 2356 veritatis
1456 2321 1709 2359 fundamentum
1723 2335 1789 2357 vn-

1001 2380 1099 2415 quam
1111 2369 1259 2402 iecerunt
1267 2391 1277 2406 ‚
1288 2379 1324 2402 vt
1335 2372 1453 2419 nutent
1464 2372 1625 2419 perpetuo
1635 2383 1732 2418 atque
1743 2384 1785 2405 ο-

1001 2416 1136 2450 mnibus
1154 2417 1188 2450 in
1209 2417 1306 2451 rebus
1322 2418 1593 2468 quassuscipiunt
1615 2424 1646 2456 &
1668 2431 1786 2467 agunt,

1000 2463 1109 2500 secum
1132 2463 1191 2511 ipsi
1211 2464 1336 2513 semper
1357 2480 1519 2517 pugnent.
1558 2469 1728 2512 Quantum
1744 2469 1787 2504 ad.

1001 2525 1071 2548 earn
1093 2513 1236 2548 Coenam
1256 2515 1300 2550 ita
1309 2513 1452 2554 fucatam
1465 2518 1588 2552 attinet
1599 2539 1609 2556 ‚
1629 2517 1786 2564 equidem

999 2560 1068 2596 scio
1085 2573 1159 2601 eam
1174 2562 1316 2610 ipsorum
1325 2566 1524 2612 opinionem
1534 2564 1598 2599 effe
1615 2587 1626 2605 ‚
1647 2578 1680 2606 vt
1696 2565 1786 2600 sum·-

999 2623 1088 2648 mam
1101 2609 1161 2645 sibi
1170 2613 1324 2650 >iniuriam
1334 2613 1407 2649 fieri
1417 2609 1733 2661 arbitrentur,q⁴uu,m
1747 2628 1786 2657 ea

999 2659 1210 2706 improbatur
1224 2673 1259 2696 ac
1271 2663 1530 2709 reprelienditur.
1560 2663 1622 2697 Sed
1632 2664 1784 2710 qbuidnos

998 2710 1077 2742 eain
1092 2720 1124 2742 re
1135 2708 1279 2755 praestare
1289 2709 1455 2757 possumus
1464 2735 1473 2751 ,
1484 2723 1586 2757 quum
1599 2712 1785 2759 eaquidem

998 2757 1041 2792 ad·
1050 2758 1192 2804 regulam
1203 2759 1349 2807 magistri
1359 2762 1450 2795 nullo
1460 2760 1561 2793 modo
1571 2768 1646 2807 apta
1653 2773 1689 2795 ac
1698 2773 1784 2795 con-

997 2818 1117 2853 gruens
1136 2805 1197 2841 effe
1219 2809 1369 2844 videatur
1388 2813 1401 2842 ?
1428 2810 1501 2844 Nec
1516 2807 1598 2843 vero
1611 2819 1681 2847 eam
1692 2822 1782 2845 con-

996 2856 1118 2890 demno
1127 2855 1218 2902 quod
1229 2857 1312 2892 clam
1323 2857 1363 2892 ab
1375 2858 1438 2892 illis
1448 2855 1576 2904 vsurpat
1585 2870 1639 2892 ur:
1665 2857 1733 2899 sjcio
1745 2871 1783 2893 e·-

996 2904 1066 2938 nim
1077 2904 1220 2941 Coenam
1230 2918 1398 2953 nunquam
1410 2905 1521 2940 melius
1533 2904 1623 2947 fuisse
1634 2906 1782 2949 celebra-

994 2963 1061 2988 tam
1073 2965 1133 2988 nec
1141 2952 1394 3001 sanstiiis,quam
1406 2967 1477 2988 cum
1486 2953 1636 3002 discipuli
1647 2956 1782 2991 clande-

995 3000 1117 3036 stinum
1136 2999 1167 3037 se
1178 3003 1212 3037 iri
1223 3001 1335 3039 lo'cum
1347 3006 1517 3049 receperit
1528 3015 1563 3038 vr
1574 3005 1781 3050 tyrannidem

995 3051 1207 3086 inimicorum
1217 3049 1378 3098 fugerent.
1399 3052 1541 3087 Sed=duo
1553 3052 1688 3093 hic'sunt
1701 3053 1782 3093 vitia

996 3099 1083 3134 certe
1093 3112 1161 3134 non
1170 3100 1364 3134 tolerabilia.
1395 3100 1544 3151 Qrimum
1555 3125 1566 3141 ‚
1585 3102 1676 3148 quod
1689 3101 1712 3144 ij
1723 3100 1781 3147 qui

995 3146 1182 3184 huiusmodi
1192 3151 1334 3184 Coenam
1346 3148 1556 3190 fabricantur,
1566 3154 1597 3186 ὃ(
1606 3162 1716 3188 veram
1730 3153 1782 3183 le-

994 3195 1028 3236 su
1039 3197 1165 3233 Christi
1177 3199 1319 3232 Coenam
1329 3197 1416 3243 quasi
1428 3198 1526 3233 simiai
1537 3222 1546 3238 ‚
1561 3198 1734 3245 deprauata
1745 3208 1781 3238 ac

995 3246 1115 3293 yitiose
1130 3247 1302 3284 imitantur
1311 3268 1324 3287 ‚
1343 3245 1496 3285 amulam
1506 3244 1537 3282 se
1556 3244 1641 3284 suam
1653 3244 1781 3292 Missam
