2113 3674
580 207 668 242 AD
720 200 1254 241 VVESTPHALVNL

98 269 367 310 Clicrubim,Dci
381 267 579 316 praesentiam
590 268 696 302 notari
708 263 830 301 neccsse
841 265 887 301 est

95 321 288 357 concedant.
310 320 341 354 Si
354 319 393 353 de
406 317 512 352 verbis
525 313 842 355 contenditur‚nihil
851 316 885 350 in

97 373 204 406 Coena
215 370 395 416 reperietur
407 365 769 414 magis-substantium,
784 363 884 411 quam

95 420 174 453 illic.
196 419 228 452 Si
244 419 277 451 in
295 416 452 450 omnibus
464 416 562 462 Legis
573 413 770 448 testimoniis
783 413 828 448 est
843 411 885 447 fi-

92 479 190 516 gura,
212 466 312 500 curin
324 467 400 499 loco
423 464 518 498 simili
537 476 606 497 earn
623 462 797 496 admittere
809 473 884 510 gra-

92 518 224 551 uantur?
239 515 322 549 Non
336 510 829 561 propriissime‚inquiunt,Ai·ca
842 509 884 544 sic

91 575 240 602 vocatur,
254 562 305 597 scd
321 575 368 596 rcs
383 563 500 596 melior
513 572 583 608 quae
598 572 654 606 per
667 559 803 593 verbum
814 560 882 594 Dei

91 625 156 648 erat
169 616 260 647 Arcae
271 611 433 645 adiunc‘ta.
460 613 586 657 Arguta
599 607 735 643 solutio:
750 607 800 643 sed
813 619 883 654 quae

90 664 242 709 laqueum
258 659 316 695 sibi
332 660 486 704 induunt.
500 657 575 705 ipsis
589 657 676 691 enim
688 656 882 691 authoribus

92 712 157 746 iam
177 711 252 745 dico
281 707 458 755 inproprie
479 718 595 753 panem
620 706 730 739 vocari
750 717 880 752 corpus.

93 759 170 808 quia
183 769 315 793 notatur
331 768 378 791 res
393 756 511 791 melior
523 756 552 789 ei
573 755 725 789 adiuueta
745 766 802 801 per
813 755 882 790 Dei

93 806 243 842 verbum.

148 855 327 890 Decimum
347 863 577 900 argumentum
598 851 762 898 sumptum
779 849 824 885 est
843 862 880 885 ex

93 904 340 951 comparatione
353 904 431 937 Man
443 914 518 936 cum
532 903 649 935 Coena.
663 898 880 946 Respondent

91 964 141 987 res
154 951 213 987 esse
224 950 409 988 dissimiles:
423 951 499 998 quia
513 951 590 984 Man
605 947 745 983 nonfuit
766 950 880 982 Sacra-

87 1001 350 1036 mcummffiailit
363 1012 442 1048 ergo
454 999 692 1037 Paulusffiatrcs
708 995 806 1030 nobis
820 995 879 1031 hac

90 1051 124 1084 in
137 1061 226 1097 parte
238 1049 356 1084 similes
365 1046 592 1094 faciens‚quod
605 1045 716 1081 cibum
729 1044 880 1092 spirituai-

89 1099 154 1132 lem
169 1097 448 1133 manducaucrint.
471 1095 658 1142 Qomodo
681 1096 770 1129 enim
785 1092 879 1140 spiri-

78 1147 185 1181 'tualis
197 1144 299 1181 fuisset
311 1144 404 1180 cibus
417 1144 505 1192 absq3
517 1143 689 1191 mysterio?
705 1143 775 1177 imo
789 1155 878 1189 quo-

91 1196 198 1230 modo
211 1193 399 1242 spiritualis,
417 1193 476 1228 nisi
496 1205 654 1241 quatenus
669 1193 703 1226 in
724 1191 878 1238 mysterio

91 1242 262 1279 Christum
284 1241 527 1290 repraesentabat
550 1244 563 1275 ?
583 1240 723 1276 Addunt
746 1240 876 1287 postca,

91 1291 213 1327 Manna
224 1290 312 1326 fuisse
325 1290 434 1326 cibum
455 1290 615 1337 pascendo
636 1290 763 1324 ventri:
784 1288 876 1336 quod

75 1341 174 1375 ‘vero
187 1338 513 1388 spiritualequiddam
526 1340 635 1386 postea
644 1349 773 1373 notaret
784 1361 794 1378 ,
808 1350 877 1372 non

89 1386 180 1424 fuisse
194 1387 565 1436 principale.Mil1ivero
579 1386 649 1421 satis
659 1386 703 1422 est
714 1398 876 1435 quatenus

85 1436 212 1478 Manna
222 1435 342 1473 sacrum
355 1448 419 1472 erat
433 1436 555 1471 Christi
566 1435 762 1483 symbolum,
780 1434 875 1482 spiri-

89 1485 210 1521 tualem
221 1485 432 1529 fuiffevcibutn
443 1484 593 1519 Patribus
604 1490 634 1523 δι
645 1485 786 1519 eundem
800 1496 875 1519 cum

88 1546 129 1570 eo
150 1536 208 1582 qui
226 1529 328 1569 hodie
348 1534 447 1569 nobis
465 1534 482 1568 i
505 1533 639 1569 Christo
661 1534 872 1580 proponitur.

86 1596 162 1618 nam
174 1583 250 1619 inde
261 1582 423 1618 continuo
436 1581 571 1617 inferam
583 1607 593 1622 ‚
616 1581 762 1630 peruerse
773 1580 876 1616 facere

47 1640 49 1643 “
85 1633 144 1680 qui
155 1631 369 1668 aliumliodie
387 1631 588 1679 spiritualem
614 1631 724 1666 cibum
745 1632 778 1664 in
791 1629 875 1665 sacra

86 1680 212 1717 Christi
226 1679 334 1716 mensa
343 1682 565 1729 imaginantur
576 1704 586 1719 ‚
604 1681 753 1727 quamuis
765 1680 824 1714 alia
834 1678 872 1714 sit

86 1729 207 1764 edendi
219 1730 313 1768 ratio,
329 1740 427 1777 prout
442 1728 562 1764 scilicet
574 1729 727 1763 conditio
739 1731 872 1763 Patrum

84 1776 223 1814 inferior
243 1776 304 1813 fuit
323 1777 449 1813 nostra.
477 1777 539 1812 Sed
562 1778 595 1811 in
619 1776 778 1813 sententia
802 1789 873 1824 quae

83 1838 164 1862 mox
178 1826 369 1865 subiicitur,
390 1839 458 1861 non
478 1826 604 1871 vulgari
622 1826 808 1861 attentione
829 1839 872 1860 o-

81 1886 143 1922 pus
155 1875 220 1910 est:
233 1888 300 1909 non
313 1875 417 1910 dicam
429 1876 569 1914 Turcas,
581 1876 871 1913 SarracenosAEac-

81 1922 137 1958 chi
147 1923 291 1972 denique
301 1929 333 1959 &
345 1925 474 1958 Cereris
489 1924 629 1958 cultores
642 1924 745 1972 magis
757 1923 870 1959 hono-

72 1970 176 2006 ‘rifice
197 1972 238 2007 de
259 1970 350 2007 sacris
369 1971 429 2006 suis
446 1973 569 2019 loqui:
589 1972 642 2007 sed
664 1975 718 2007 vix
738 1972 870 2007 homini

80 2019 276 2067 phrenetico
296 2020 358 2056 tale
377 2025 410 2057 δε
433 2031 498 2055 tarn
525 2019 698 2067 profanum
716 2022 869 2056 delirium

83 2067 264 2107 excideret,
285 2070 379 2116 quale
398 2067 698 2117 Magdeburgenses
714 2070 808 2104 instar
827 2083 868 2104 o-

83 2117 184 2150 raculi
195 2116 351 2151 eruQant.
364 2130 431 2151 non
443 2130 613 2166 negamus,
626 2119 869 2165 inquiunt‚Eu-

84 2163 267 2199 charistiam
285 2169 315 2200 &
338 2165 398 2199 alia
417 2168 621 2201 Sacramenta
649 2168 788 2214 quadum
813 2180 865 2202 ra-

83 2212 177 2246 tione
193 2210 366 2259 spiritualia
384 2211 455 2247 effe.
489 2216 641 2249 Haecine
664 2228 800 2252 ventum
820 2216 866 2252 est

80 2259 280 2308 Vtmysteria
295 2259 402 2295 salutis
421 2260 536 2295 nostrae
550 2284 559 2299 ‚
581 2274 651 2309 quae
663 2276 724 2298 nos
742 2265 759 2299 a
772 2266 865 2299 terris

82 2307 175 2356 supra
186 2309 288 2343 coelos
301 2307 462 2347 euehunt,
482 2308 655 2355 spiritualia
668 2322 799 2350 vocare,
813 2313 865 2346 ni—

81 2356 107 2392 fi
125 2356 330 2391 restricftione
341 2356 530 2403 interposita
540 2358 659 2404 pudeat
670 2362 684 2391 ?
698 2360 866 2404 Sperandfi

81 2406 200 2453 potius
220 2406 287 2440 'erat
317 2417 352 2440 Vt
369 2405 515 2440 dicerent
529 2405 611 2440 nihil
623 2405 676 2441 hic
698 2406 756 2441 nisi
773 2406 866 2454 spiri—

84 2455 170 2488 tuale
180 2452 239 2487 effe
259 2454 485 2500 cogitandum.
508 2466 595 2488 nunc
609 2455 653 2489 ita
669 2467 786 2489 omues
806 2468 865 2490 eo·-

83 2515 158 2539 rum
170 2499 274 2536 sensus
291 2514 429 2549 occupit
449 2502 539 2549 quod
552 2502 592 2535 de
606 2515 700 2537 carne
722 2502 866 2538 somnia-

82 2561 180 2586 runt.
198 2562 232 2585 vc
253 2550 269 2585 ὲ
288 2553 451 2597 praecipuo
467 2550 696 2599 regniChristi
717 2551 867 2598 epitheto

82 2599 293 2634 abh'orreant.
322 2599 402 2646 Qo
414 2600 501 2634 enim
521 2600 736 2647 Euangelium
757 2600 868 2636 dicent

81 2649 102 2684 ἆ
112 2650 202 2696 Lege
212 2645 340 2682 differre
350 2671 360 2687 ,
385 2646 445 2682 nisi
463 2649 538 2695 quia
554 2658 701 2682 veterum
713 2648 864 2684 vmbrain

80 2695 252 2742 spiritualis
273 2697 390 2731 veritas
411 2699 445 2731 in
470 2695 606 2732 Christo
627 2696 673 2731 est
693 2697 837 2732 exhibita
850 2702 866 2731 ?

80 2745 176 2791 Qd
195 2745 296 2792 igitur
316 2745 360 2779 est
379 2756 436 2779 cur
458 2744 630 2791 tantopere
649 2757 762 2780 notam
783 2745 866 2781 hanc

80 2791 312 2832 reformident,
321 2791 388 2827 fine
396 2805 460 2841 qua
471 2793 618 2828 Christus
630 2806 698 2827 non
708 2793 752 2829 est
762 2794 863 2836 Chri-

79 2841 167 2877 stus?
190 2841 340 2876 Sed'liaec
350 2839 561 2877 scilicetiust'a
578 2841 622 2877 est
639 2854 754 2877 eorum
776 2856 864 2878 mer-

80 2903 132 2926 ces
148 2913 158 2929 ,
177 2891 234 2936 qui
253 2890 335 2924 mala
356 2889 554 2935 conscientia
569 2891 720 2925 audaster
745 2893 865 2927 malam

77 2937 201 2974 causam
214 2935 396 2973 defendunt
407 2962 416 2977 ‚
433 2938 468 2972 v't
482 2935 638 2984 intrepidi
651 2938 768 2986 seipsos
780 2952 864 2975 con-

77 2987 300 3023 ficiantsNam
313 2984 424 3032 paffim
436 2988 698 3022 animaduerterit
710 2988 862 3034 leetores,

77 3033 135 3071 eos
151 3037 190 3071 ad
203 3034 343 3082 mysterij
364 3036 414 3069 vel
436 3035 474 3068 ad
490 3036 626 3081 mysticae
647 3036 778 3071 virtutis
799 3050 864 3072 no-

78 3095 155 3120 men
166 3096 235 3119 non
256 3084 364 3117 minus
377 3083 607 3129 expauescere,
616 3084 714 3131 quam
727 3085 864 3122 molesta

76 3130 139 3166 illis
149 3132 196 3169 est
209 3131 379 3179 spiritualis
393 3132 523 3167 veritas.
557 3132 749 3180 Exemplum
769 3135 864 3182 quod

77 3179 188 3223 postea
201 3169 420 3226 deBaptilmo
437 3181 616 3226 anneetunt
626 3204 636 3220 ‚
650 3181 748 3216 nobis
761 3195 859 3229 pror-

67 3223 123 3262 sus
134 3223 328 3276 suffragatur.
362 3228 544 3276 Baptismus
558 3239 688 3265 externa
703 3229 748 3265 est
761 3232 858 3272 lotio,

71 3271 106 3313 cc
117 3284 225 3312 tamen
237 3275 401 3325 spirituale
412 3276 459 3313 est
469 3276 672 3314 lauachrum.
699 3278 752 3315 sed
763 3281 864 3329 quam

1672 219 1725 253 93¹

935 264 1012 300 scite
1024 267 1064 301 ad
1087 266 1434 313 Coenamapplicant?
1474 262 1556 300 Non
1569 264 1614 301 cst
1636 290 1646 307 ‚
1669 269 1724 301 in-

934 317 1052 361 quiunt
1065 338 1076 354 ‚
1094 315 1274 362 corporalis
1289 315 1445 349 alimonia
1458 338 1466 353 ‚
1488 327 1591 361 quum
1613 328 1722 351 tamen

933 375 1069 398 externo
1087 377 1145 398 ore
1155 376 1272 410 corpus
1285 365 1429 398 Domini
1443 363 1596 398 sumatur.
1625 366 1723 399 Tan-

933 421 964 445 ta
984 425 1039 446 cos
1058 413 1176 459 palati,
1196 414 1514 461 gutturis&ventris
1529 411 1721 448 sollicitudo

933 470 1023 494 tenet
1042 486 1050 501 ‚
1083 471 1118 494 vt
1139 463 1280 497 Coenam
1310 474 1378 496 non
1408 462 1546 497 audeant
1568 459 1720 509 spiritua—

930 509 961 542 le
983 510 1167 554 mysterium
1183 522 1299 543 vocare
1317 533 1327 549 ‚
1349 523 1387 544 ne
1403 511 1517 545 dentes
1536 523 1649 546 eorum
1671 510 1722 546 ef—

930 555 1034 606 fugiat
1053 557 1179 591 Christi
1193 569 1324 605 corpus.
1362 560 1495 606 Negant
1515 558 1544 593 se
1565 559 1718 607 spiritua-

929 607 993 640 lem
1013 606 1197 652 intelligere
1208 629 1217 645 ,
1229 618 1263 641 vt
1278 605 1490 642 solummodo
1501 611 1649 655 quaedam
1664 610 1719 644 in-

929 654 1066 689 uisibilis
1080 656 1239 702 cogitatio
1251 665 1305 688 aut
1319 655 1484 702 phantasia
1504 657 1720 706 significeturz

929 714 982 737 aut
993 704 1066 744 talis
1080 702 1253 750 spiritualis
1266 705 1478 739 manducatio
1491 729 1501 745 ,
1524 708 1653 754 qualem
1666 711 1719 742 A-

929 751 1061 787 braham
1077 753 1308 791 manducauit,
1322 753 1376 799 qui
1398 753 1481 787 nihil
1494 753 1586 789 sciuit
1601 756 1720 791 dehoc

929 803 1148 835 Sacramento.
1178 803 1279 836 Dictis
1303 800 1443 836 Arabice
1466 815 1523 836 eos
1544 804 1616 838 data
1633 817 1720 852 ope-

929 862 960 884 ra
971 847 1078 884 nescio
1091 849 1170 895 quid
1190 848 1366 887 susurrare,
1388 861 1423 884 Vt
1446 848 1517 884 suos
1539 851 1717 899 discipulos

929 899 998 945 plus
1009 897 1080 933 satis
1093 896 1199 932 fatuos
1216 899 1316 946 magis
1327 898 1600 946 obstupeficiant.
1621 903 1717 949 Qd

928 947 1015 982 enim
1036 945 1081 981 est
1103 946 1273 982 inuisibilis
1289 948 1475 994 cogitatio?
1496 949 1583 996 quasi
1597 950 1715 985 visibi-

928 997 991 1030 lem
1003 996 1142 1043 aliquam
1156 993 1301 1042 proferre
1323 997 1427 1030 liceat.
1451 997 1651 1044 phantasiam
1673 1000 1716 1034 il-

926 1045 967 1078 lis
977 1045 1210 1091 relinquimus:
1225 1046 1300 1092 quia
1312 1057 1383 1079 vera
1396 1050 1428 1081 &
1444 1046 1574 1080 viuifica
1587 1048 1715 1083 Christi
1733 1043 1735 1046 Α

927 1096 1491 1140 participationecontent1‚erratico
1501 1107 1716 1131 eorumcorn-

927 1154 1043 1177 mento
1063 1153 1146 1191 opus
1159 1154 1227 1176 non
1249 1141 1428 1182 hzbemus,
1452 1144 1544 1191 quod
1564 1156 1634 1179 non
1655 1145 1717 1181 nifi

926 1190 966 1224 ad
991 1192 1172 1239 ingluuiem
1197 1191 1386 1238 replendam
1409 1190 1499 1228 facit.
1546 1195 1616 1228 lam
1633 1196 1716 1242 quid

927 1238 972 1273 est
996 1238 1283 1274 manducationem
1310 1240 1506 1276 manducare
1534 1243 1548 1275 ?
1592 1243 1717 1278 Dicere

927 1286 1013 1322 forte:
1026 1289 1163 1328 volunt,
1185 1290 1261 1335 quia
1281 1288 1450 1324 Abraham
1463 1301 1599 1325 externo
1619 1291 1716 1340 signo

927 1338 1050 1377 caruit,
1074 1349 1143 1372 non
1162 1335 1251 1372 fuiffe
1271 1337 1395 1372 Christi
1410 1341 1617 1386 participem.
1645 1354 1714 1388 quo

926 1385 1009 1421 nihil
1030 1386 1200 1434 indignius
1216 1387 1266 1420 vel
1284 1389 1384 1434 magis
1399 1389 1630 1435 praeposterum
1644 1390 1711 1424 fin-

924 1435 958 1482 gi
975 1433 1092 1482 potest.
1114 1435 1171 1469 etsi
1185 1436 1271 1470 enim
1283 1434 1486 1470 abundantia
1498 1438 1608 1484 gratiae
1620 1451 1709 1473 nunc

924 1484 1129 1523 excellimus,
1144 1483 1208 1519 hoc
1229 1494 1335 1518 tamen
1358 1486 1573 1520 sacramentis
1597 1488 1712 1522 omni-

923 1532 987 1566 bus
998 1545 1177 1568 commune
1191 1530 1305 1574 fuit‚vt
1321 1532 1434 1569 fideles
1450 1546 1564 1570 omnes
1577 1535 1714 1572 Christo

924 1580 1114 1617 insererent.

971 1631 1198 1666 Vndecimum
1219 1642 1478 1679 argumentum,
1503 1633 1594 1680 quod
1615 1634 1666 1668 vel
1684 1634 1715 1668 i-

900 1693 902 1695 ·
922 1681 1096 1726 gnorantia
1108 1704 1118 1721 ‚
1151 1680 1202 1713 vel
1216 1682 1338 1716 malitia
1351 1681 1434 1722 male
1451 1693 1648 1721 contexunt,
1668 1683 1713 1717 ita

923 1727 1124 1769 formamus,
1139 1730 1195 1763 De
1209 1729 1325 1764 Coenae
1347 1730 1500 1776 mysterio
1520 1730 1604 1765 nihil
1628 1743 1712 1765 con-

921 1777 1112 1823 cipiendum
1132 1776 1198 1817 est,
1215 1777 1275 1812 nisi
1295 1780 1386 1825 quod
1404 1778 1421 1813 ὲ
1441 1779 1527 1813 coelo
1557 1780 1709 1814 dietatur.

920 1827 1177 1861 P.2u1us1udae0s
1195 1826 1340 1861 eundem
1363 1826 1537 1863 nobiscum
1558 1827 1712 1876 spiritua-

921 1875 986 1909 lem
997 1874 1108 1910 cibum
1121 1874 1298 1911 comedisse
1322 1875 1436 1910 dicens
1448 1899 1459 1914 ‚
1473 1876 1711 1924 interpretandi

904 1923 1008 1959 ‘causa
1019 1923 1192 1971 adiungit,
1210 1926 1304 1958 Petra
1323 1934 1434 1959 autern
1457 1937 1523 1961 etat
1547 1925 1709 1962 christus.

901 1985 906 1988 ·
918 1984 998 2020 ergo
1011 1971 1076 2006 hoc
1087 1971 1218 2007 coelcste
1226 1973 1394 2007 oraculum
1408 1975 1515 2009 valere
1525 1974 1640 2015 debet,
1649 1988 1709 2024 pa-

917 2025 1031 2057 nem&
1051 2022 1166 2055 vinum
1183 2021 1216 2055 in
1231 2022 1338 2056 Coena
1349 2021 1446 2056 nobis
1468 2022 1529 2058 esse
1539 2035 1657 2071 corpus
1677 2029 1710 2061 δε

915 2068 1107 2117 sanguinem
1118 2070 1277 2108 Domini,
1299 2081 1336 2104 vt
1346 2069 1556 2117 spiritualiter
1573 2074 1636 2107 illis
1648 2086 1707 2121 pa-

915 2116 1050 2153 scamur.
1074 2119 1238 2152 Mirantur
1249 2117 1551 2168 Magdeburgenses
1572 2132 1637 2156 tam
1651 2135 1707 2157 in·

916 2166 1011 2201 caute
1024 2179 1085 2201 nos
1104 2164 1208 2201 craffis
1223 2171 1255 2202 ὃ(
1265 2167 1594 2210 inconuenientibus,
1606 2181 1640 2205 vt
1652 2172 1707 2205 lo-

915 2212 1319 2262 quuntur-,fundamentis
1332 2215 1496 2252 insistere:
1515 2219 1591 2265 quia
1607 2219 1707 2254 nobis

914 2263 1187 2310 saepeindicatum
1199 2262 1245 2297 est
1266 2265 1401 2300 Paulum
1414 2266 1454 2301 de
1468 2265 1624 2314 spirituali
1646 2280 1707 2315 pe-

915 2321 963 2346 tra
984 2310 1143 2346 differere.
1166 2312 1244 2346 Szio
1253 2313 1348 2359 quid*
1360 2313 1518 2349 blaterare
1531 2314 1618 2350 soliti
1630 2316 1702 2351 sint:

914 2358 967 2394 sed
979 2360 1133 2406 probatio
1144 2362 1313 2407 quaeritur.
1338 2365 1431 2397 Petra
1441 2388 1449 2399 .
1464 2364 1631 2410 inquiunt,
1646 2367 1705 2399 Iu-

915 2407 1004 2442 daeos
1014 2409 1171 2443 comitata
1181 2421 1249 2443 non
1261 2412 1303 2444 est
1315 2422 1372 2457 per
1385 2410 1557 2445 desertum·
1566 2411 1705 2459 respon-

900 2462 903 2466 '
915 2455 994 2496 deo,
1004 2458 1070 2490 Suo
1082 2457 1207 2491 indicio
1219 2456 1274 2492 hic
1287 2459 1403 2493 sorices
1418 2460 1653 2507 perire.rupem
1665 2473 1705 2496 e-

915 2504 985 2538 nim
994 2505 1108 2540 Paulus
1120 2517 1299 2545 vocat‚n0n
1311 2507 1371 2540 saxi
1385 2508 1609 2548 duritiem,sed
1620 2522 1703 2557 pro-

914 2551 1071 2588 fluentem
1083 2555 1158 2589 inde
1170 2566 1299 2602 potum.
1310 2557 1434 2602 alioqui
1447 2569 1513 2591 non
1527 2559 1703 2604 quadraret

915 2601 1000 2635 inter
1010 2599 1040 2636 se
1051 2602 1206 2638 membra.
1220 2604 1354 2638 Deinde
1365 2604 1423 2639 nisi
1437 2605 1476 2640 ad
1489 2617 1657 2643 externum
1667 2614 1702 2645 &

901 2649 1043 2685 'visibile
1053 2649 1236 2698 symbolum
1249 2652 1312 2687 hoc
1326 2650 1473 2688 refertur.
1506 2658 1621 2690 mutila
1639 2660 1701 2693 erit

900 2699 1003 2732 Pauli
1016 2701 1244 2736 ratiocinatio:
1261 2701 1532 2749 quandoquidem
1545 2717 1603 2739 eos
1613 2705 1701 2740 defi-

902 2758 991 2794 *gnat
1002 2749 1059 2795 qui
1074 2747 1238 2797 spirituale
1250 2753 1494 2786 Sacramentum
1515 2765 1584 2788 non
1599 2753 1695 2801 spiri-

913 2796 1045 2831 tualiter
1066 2797 1316 2834 manducarunt.
1357 2798 1523 2847 perspicua
1554 2804 1618 2837 illis
1646 2804 1701 2837 lo-

912 2846 1032 2891 quutio
1043 2845 1106 2886 est,
1129 2848 1310 2894 spiritualis
1328 2849 1421 2881 Petra
1442 2861 1509 2884 erat
1535 2850 1698 2887 Christus-

911 2895 1100 2940 atqui>¹non
1134 2897 1257 2943 patitur
1283 2896 1373 2930 Pauli
1393 2896 1573 2944 disputatio
1592 2923 1603 2940 ‚
1636 2904 1700 2935 Pe-

909 2952 996 2976 tram
1015 2943 1080 2978 alio
1099 2943 1290 2982 transferri,
1303 2944 1399 2991 quarn
1420 2947 1458 2981 ad
1472 2959 1588 2995 potum
1603 2949 1699 2984 illum

911 3001 1010 3037 quem
1030 2992 1167 3040 mystico
1188 2992 1301 3028 nostro
1321 2993 1412 3028 calici
1431 3007 1612 3044 comparat.
1638 2999 1699 3032 Se-

911 3041 1167 3085 quiturtandem
1178 3041 1212 3074 in
1225 3039 1359 3075 clausula
1369 3065 1378 3081 ‚
1396 3044 1561 3093 Pleraque
1574 3047 1697 3093 loquu-

911 3088 1020 3134 tiones
1037 3091 1156 3124 veteris
1173 3088 1379 3134 Testamenti
1396 3092 1560 3128 dissonant
1579 3095 1596 3129 a
1621 3107 1698 3129 ver-

911 3134 1088 3186 bichenae
1100 3139 1256 3172 Domini.
1270 3138 1356 3184 quasi
1377 3142 1493 3176 Paulus
1511 3142 1551 3176 de
1566 3142 1695 3184 Christi,

911 3185 1019 3220 Coena
1037 3186 1134 3233 paulo
1145 3185 1218 3221 ante
1230 3187 1359 3221 locutus
1371 3211 1381 3228 ,
1405 3191 1476 3224 eius
1497 3193 1696 3228 memoriam

902 3231 1038 3268 rdiffono
1049 3233 1198 3270 sermone
1212 3247 1250 3270 ex
1261 3237 1395 3285 piorum
1409 3237 1566 3273 cordibus
1576 3239 1694 3276 abole-

909 3293 944 3317 re
953 3283 1109 3318 voluerit.

1371 3335 1436 3371 LL
1446 3335 1455 3369 l
1465 3336 1489 3371 1.
1530 3337 1565 3383 ij.
