2113 3674
292 187 354 231 360

307 258 368 281 nec
379 243 580 280 diminuitur
588 251 642 277 aut
654 237 931 286 exhauritur,quia
942 248 1099 275 aeternum

308 295 367 330 est.
395 294 536 329 Vnde&
557 292 681 338 reliqua
698 290 814 324 omnia
838 287 994 323 sacrificia
1012 288 1097 323 nihil

308 345 385 379 huic
397 341 554 377 sacrificio
566 336 955 388 superaddunt‚nihilque
966 335 1030 385 ipsa
1041 348 1098 384 per

309 393 340 428 se
354 402 537 427 merentur:
548 388 600 424 sed
613 389 716 423 vnicae
728 387 824 421 huius
835 386 1018 421 oblationis
1028 385 1097 420 fru-

310 445 399 477 stum
413 437 628 474 credentibus
639 437 806 485 applicant
818 459 829 476 ,
848 440 881 472 δι
897 436 937 470 ad
950 436 1096 470 excitan-

310 492 384 526 dam
397 494 428 524 &
441 486 648 528 retinendam
664 488 696 520 in
708 486 828 520 animis
838 485 1014 519 hominum
1033 482 1097 516 hu-

286 572 288 574 ,
309 542 358 573 ius
369 539 471 572 vnicae
483 536 668 570 oblationis
679 535 873 570 memoriam
882 538 914 569 &
927 532 994 566 fide
1013 543 1098 565 con-

309 587 505 623 firmandam
518 607 530 625 ,
548 589 580 621 &
593 597 654 633 pro
664 582 823 618 omnibus
847 583 913 616 Dei
926 578 1099 614 beneficiis

309 634 536 672 declarandam
566 633 804 683 gratitudinem
830 629 987 666 seruiunt.
1017 631 1100 663 Sunt

309 695 420 721 autem
430 681 618 718 huiusmodi
631 680 843 730 applicatoria
852 677 1006 712 sacrificia
1016 689 1099 725 que-

309 735 385 769 dam
398 732 526 780 legibus
536 732 699 770 omnibus*
708 728 913 766 communia,
925 732 956 763 &
969 729 1101 774 promi-

309 782 384 818 scue
401 781 560 817 omnibus
580 778 775 815 hominibus
803 773 975 824 permissa:
994 776 1101 822 qualia

310 829 384 866 sunt
397 826 587 865 sacrificium
598 826 816 865 contribulati¹
825 825 934 859 cordis
943 829 974 860 ἃ
987 823 1099 859 humi-

311 881 383 916 liati
404 879 532 929 spiritus
544 902 554 918 ,
578 883 610 914 &
621 876 667 911 ob
680 874 852 910 colendam
874 872 1101 921 pietatem'su-

311 927 427 977 sceptae
437 939 541 964 carnis
557 926 753 961 afflietiones
765 947 775 964 ,
784 923 977 959 sacrificium
990 921 1101 957 labio-

311 990 385 1014 rum
396 1001 406 1020 ,
417 989 549 1026 precum
561 1000 568 1013 ‚
581 975 758 1023 gratiarum
771 973 912 1007 actionis
929 976 962 1007 δι
984 972 1101 1012 laudis,

312 1032 345 1065 &
357 1027 379 1062 si
396 1040 458 1075 qua
473 1026 545 1062 sunt
558 1023 685 1059 similia.
708 1022 870 1070 Qaed.un
883 1020 963 1054 vero
976 1019 1103 1068 semper

313 1074 446 1112 fuerunt
457 1070 710 1120 vniuscuiusque
721 1072 802 1119 legis
815 1070 994 1117 propria‚&
1006 1070 1104 1104 certis

313 1125 489 1161 hominum
503 1119 623 1156 officiis
643 1121 772 1169 alligata
787 1143 798 1159 ,
809 1119 826 1154 a
843 1131 985 1166 quorum
1006 1117 1103 1153 obla-

311 1176 407 1211 tione
417 1173 468 1218 aiij
479 1172 605 1220 magnis
616 1167 937 1205 comminationibus
948 1172 981 1204 &
994 1168 1103 1215 poenis

311 1221 633 1268 arcebantur‚prim0
645 1221 778 1267 Regum
792 1218 1041 1255 decimotertio,
1054 1216 1103 1251 se-

313 1271 424 1307 cundo
443 1271 642 1317 Paralipom.
652 1265 918 1316 vigesimosexto.
945 1266 1020 1301 Nec
1040 1266 1104 1300 vlla

312 1322 375 1358 lex,
387 1319 671 1367 quemadmodum
684 1327 771 1351 nnnc
782 1339 792 1356 ,
806 1319 864 1350 ne'c
876 1316 939 1349 vlla
950 1315 1103 1363 gentium

312 1370 432 1416 religio
445 1367 610 1403 sacrificiis
620 1367 739 1402 caruit:
755 1365 820 1400 haec
833 1365 922 1399 enim
934 1366 994 1399 tria
1005 1364 1102 1399 colli-

311 1429 386 1467 gata
399 1416 515 1457 sunt,&
529 1414 560 1452 se
574 1417 717 1451 inuicem
730 1412 904 1449 necessario
917 1411 1104 1460 consequti·

311 1479 365 1502 tur
376 1469 462 1502 :Lex
472 1490 482 1507 ,
495 1465 711 1501 sacerdotium
722 1487 732 1503 ‚
744 1468 775 1500 &
787 1461 978 1498 sacrificium
991 1485 1001 1502 ‚
1011 1461 1102 1497 Heb.

310 1528 346 1563 7.
359 1518 410 1552 Sic
422 1518 530 1562 itaque
542 1513 599 1556 sub
612 1517 701 1562 Lege
714 1522 836 1547 naturae
855 1511 930 1546 iusti
948 1510 1104 1546 homines

311 1571 345 1603 &
356 1565 396 1603 de
407 1566 474 1600 Dei
488 1561 761 1611 promissionibus
772 1561 895 1601 edocti,
908 1561 943 1595 in
954 1563 994 1595 eii
1003 1573 1103 1608 quern

311 1613 459 1650 futurum
472 1612 616 1648 sciebant
628 1612 828 1647 Saluatorem
839 1633 850 1649 ,
862 1610 1043 1649 credentes,
1053 1609 1102 1643 sa-

312 1661 437 1698 crificia
447 1660 787 1708 offerebantzquorum
798 1657 1103 1698 oblatione,futurae

313 1711 426 1747 salutis
438 1710 539 1746 fidem
550 1714 580 1746 δε
593 1709 695 1757 spem,
707 1714 738 1745 δι
750 1720 810 1756 pro
822 1721 856 1742 ea
867 1708 1103 1755 gratitudinem

312 1759 401 1796 suam
413 1759 621 1796 declarabant
636 1781 646 1798 ‚
666 1763 698 1794 &
709 1759 776 1792 cius
785 1758 877 1804 quod
887 1755 1033 1791 futurum
1045 1769 1103 1790 ex-

312 1809 502 1858 peRabant,
517 1807 657 1842 salutaris
670 1805 818 1851 sacrificij
830 1806 956 1841 meritis
967 1805 1103 1840 adiuua-

310 1861 340 1895 ri
357 1857 560 1894 ambiebant.
588 1857 690 1891 Hunc
703 1867 831 1890 morem
841 1865 962 1890 caeterae
973 1866 1103 1902 gentes,

309 1907 443 1943 occulta
454 1903 670 1952 inspiratione
678 1904 798 1939 animis
810 1915 926 1938 eorum
937 1903 1050 1944 insita,
1072 1904 1104 1939 i-

312 1956 480 1993 mitantes,
492 1954 562 1988 non
572 1954 709 2001 quidem
722 1950 904 1990 Deum‚sed
913 1954 981 1999 que
991 1953 1104 1987 Deum

280 2036 281 2039 ,
311 2015 368 2040 aut
381 2002 540 2052 putabant
551 2025 562 2043 ,
572 2013 625 2036 aut
637 2000 810 2050 fingebant
822 2022 833 2039 ‚
853 1998 1018 2036 sacrificiis
1032 2002 1104 2049 pla-

314 2065 387 2088 cere
399 2053 660 2087 voluerunt.Lex
668 2050 750 2084 vero
762 2061 819 2096 per
828 2048 967 2096 Moysen
978 2048 1106 2087 data‚ad

319 2104 448 2150 Legem
458 2111 578 2135 narurae
596 2099 755 2134 accedens
766 2121 778 2137 ,
795 2110 863 2132 non
876 2109 911 2132 vt
923 2110 992 2132 earn
1003 2100 1104 2132 tolle-

316 2162 366 2186 ret
377 2174 388 2190 ‚
402 2149 456 2185 sed
475 2160 509 2184 vt
531 2149 702 2183 meliorem
723 2147 873 2181 redderet
883 2171 893 2187 ,
916 2146 1107 2182 oblationes

313 2212 462 2235 externas
483 2196 643 2232 instituit:
661 2207 733 2243 quae
745 2200 776 2232 δι
789 2194 1034 2243 praefigurarent
1052 2193 1106 2230 fu·-

313 2259 425 2283 turum
437 2245 562 2283 Christi
575 2244 767 2280 sacrificium
783 2249 832 2280 2&
842 2246 976 2291 quoties
987 2256 1038 2278 eas
1049 2256 1106 2279 ce-

314 2297 480 2332 lebrarent
493 2296 592 2330 ludaei
603 2318 612 2333 ‚
625 2305 695 2329 tum
711 2294 851 2328 aliorum
863 2292 1106 2327 beneficiorum

314 2347 385 2382 Dei
396 2346 494 2393 gratis
507 2344 628 2379 animis
636 2342 885 2377 recordarentur
896 2365 906 2381 ‚
918 2341 994 2377 ct‘im
1018 2343 1106 2376 illius

316 2395 450 2429 venturi
469 2391 615 2437 sacrificij
639 2393 795 2426 virtutem
807 2393 841 2425 in
861 2388 890 2424 se
906 2414 919 2430 ,
938 2391 1106 2426 credendo

323 2448 356 2480 &
369 2442 527 2490 sperando
539 2441 705 2478 &orando
716 2463 727 2480 ‚
741 2438 967 2475 transferrent.
1002 2439 1105 2474 Chri-

317 2493 384 2529 stus
393 2491 452 2540 qui
465 2503 533 2526 non
547 2500 679 2525 venerat
691 2492 814 2536 Legem
826 2486 951 2523 soluere
966 2510 977 2526 ,
987 2499 1106 2535 quate-

317 2553 378 2577 nus
390 2540 606 2586 velnaturaiis
621 2561 631 2577 ,
649 2539 701 2572 vel
713 2538 845 2572 moralis
855 2548 941 2576 erat,
964 2534 1016 2572 scd
1037 2549 1108 2572 eam

318 2592 431 2639 potius
441 2589 620 2636 adimplere
631 2610 642 2627 ,
654 2585 729 2621 cum
743 2599 862 2620 nouam
871 2587 996 2634 Legem
1005 2584 1108 2626 suam,

320 2641 361 2675 de
372 2651 436 2687 qua
449 2638 515 2672 iarn
525 2636 602 2672 ante
615 2648 670 2683 per
681 2635 852 2669 Ieremiam
864 2634 1107 2681 promiserat‚in

319 2688 482 2724 mundum
503 2685 672 2721 induceret
681 2707 692 2724 ‚
714 2696 756 2718 ne
774 2695 844 2717 eam
866 2683 966 2718 solam
989 2685 1023 2718 in
1047 2684 1107 2720 hac

320 2747 412 2786 parte
424 2759 434 2775 ‚
448 2747 561 2770 contra
573 2732 827 2783 praecedentium
838 2733 944 2782 legum
954 2745 1107 2768 commu-

320 2798 400 2821 nem
421 2797 547 2819 morem
558 2807 568 2823 ‚
585 2794 731 2818 mancam
750 2792 803 2816 aut
825 2778 1107 2827 imperfectiorem

323 2835 537 2880 relinqueret,
551 2831 704 2879 peculiari
715 2827 873 2865 sacrificio
886 2831 1006 2875 pariter
1016 2835 1047 2866 &
1058 2829 1108 2865 sa..

323 2882 476 2919 cerdotio
485 2877 888 2925 eaminstruxit2s1quidem
901 2874 1024 2914 necesse
1031 2877 1107 2920 fuit,

324 2934 412 2968 iuxta
422 2928 576 2976 Apostoli
586 2927 778 2964 sententiam
791 2950 802 2967 ,
812 2925 1005 2962 succedente
1020 2941 1108 2964 noua

324 2982 398 3029 lege
417 2979 517 3013 etiarn
546 2976 737 3013 sacrificium
757 2975 835 3011 huic
863 2975 927 3023 legi
947 2978 1109 3022 peculiare

323 3026 478 3075 consequi
492 3049 503 3066 ‚
520 3025 615 3062 Hebr
627 3037 660 3072 7.
673 3031 705 3062 ει
718 3022 901 3059 sacerdotes
910 3047 922 3062 ‚
934 3026 1022 3061 velut
1042 3025 1108 3060 hu-

324 3074 529 3118 iussacrificij
552 3075 741 3113 ministros,
754 3070 888 3111 alsumi,
906 3072 996 3108 Heb.
1015 3084 1042 3120 5.
1069 3077 1109 3110 In

323 3126 477 3176 qualegis
491 3135 599 3170 parte,
612 3121 685 3158 sane
693 3123 802 3169 bona,
814 3120 920 3155 saneta
939 3125 972 3157 δι
993 3124 1044 3169 pia
1055 3146 1065 3162 ‚
1077 3124 1109 3158 i-

324 3177 400 3212 dem
413 3174 582 3209 Dominus
594 3171 704 3207 noster
716 3169 801 3206 Iesus
813 3169 979 3208 Christus,
990 3183 1030 3204 ne
1041 3171 1109 3207 Ec-

324 3223 424 3261 elefiae
431 3220 491 3258 sut
500 3218 619 3256 deeffet
629 3242 641 3260 ‚
653 3220 687 3254 in
700 3220 817 3254 vltima
827 3220 934 3259 Coena
946 3217 1020 3254 cum
1033 3231 1109 3268 gra-

327 3275 387 3310 tias
404 3269 516 3323 egiffet
534 3267 883 3312 Demsaeramentum
904 3269 1054 3317 corporis
1075 3274 1109 3307 ει

971 176 1291 215 INTERIM.

1143 238 1307 287 sanguinis
1324 237 1545 280 suiinstituit‚
1572 239 1737 287 duplicem
1755 241 1825 276 eius
1845 240 1935 277 vsuni

1145 287 1254 322 statim
1267 288 1508 322 commendans
1522 299 1575 323 :vt
1587 289 1605 324 ὲ
1616 289 1771 324 fidelibus
1789 290 1881 328 velut
1898 304 1934 326 a-

1145 337 1243 370 nimae
1263 336 1397 372 salutare
1422 337 1616 373 alimentum
1638 338 1829 374 sumeretur.
1864 345 1937 376 Ac-

1146 386 1267 432 cipite,
1281 386 1391 433 inquit
1404 408 1415 425 ‚
1424 390 1456 421 &
1467 387 1654 422 comedite:
1668 393 1700 424 δι
1712 397 1747 422 vt
1754 389 1790 423 in
1801 401 1936 424 memo-

1147 436 1228 468 riam
1241 433 1395 481 paffionis
1407 433 1466 468 suae
1476 432 1648 471 offerretur
1659 460 1670 477 ,
1680 437 1771 472 cuius
1783 437 1937 472 oblatio-

1147 483 1198 516 nis
1210 484 1425 524 ministerium
1437 507 1448 523 ,
1461 484 1634 531 Apostolis
1645 508 1656 526 ,
1667 486 1758 520 velut
1769 497 1865 521 nouae
1885 487 1936 520 le·-

1148 533 1198 577 gis
1207 530 1432 567 sacerdotibus
1445 555 1456 572 ‚
1465 534 1662 570 contradens
1675 548 1684 568 :
1702 536 1796 575 Hoc,
1811 536 1936 582 inquit,

1147 579 1245 615 facite
1256 582 1290 616 in
1301 582 1369 616 mei
1376 585 1744 618 commemorationem.
1759 584 1939 634 Qemad-

1147 630 1287 664 modum
1300 631 1402 679 igitur
1411 642 1486 666 ante
1497 630 1620 667 Christi
1640 633 1821 668 aduentum
1843 633 1940 668 Deus

1147 678 1297 725 patribus
1324 689 1411 713 certa
1429 679 1576 726 quaedam
1602 679 1760 717 sacrificia
1786 682 1938 723 tradidit,

1147 727 1270 774 quibus
1280 730 1391 776 magni
1403 728 1493 764 istius
1506 727 1676 776 sacrificij,
1686 732 1778 778 quod
1789 728 1939 767 futurum

1148 776 1207 823 ipsi
1217 777 1455 824 expestabant,
1476 781 1671 813 memoriam
1691 783 1725 815 in
1743 781 1863 815 animis
1873 779 1938 816 suis

1150 826 1328 860 excitarent
1340 849 1350 866 ‚
1364 825 1466 861 fidem
1475 827 1676 868 stabilirent,
1701 833 1734 865 δι
1753 827 1892 864 ξωᾶυπι
1904 842 1941 864 e—

1148 874 1198 908 ius
1212 875 1379 911 credendo
1394 876 1565 912 &orando
1580 875 1641 911 fibi
1660 878 1866 925 applicarent
1877 901 1888 919 ‚
1908 883 1943 915 δι
1961 883 1965 891 ”

1150 934 1208 970 per
1226 936 1342 959 eorum
1373 924 1580 960 oblationem
1607 924 1850 962 beneficiorum
1871 928 1944 963 Dei

1150 973 1252 1019 gratis
1271 974 1391 1008 animis
1409 974 1660 1009 recordarentur
1683 989 1692 1010 t
1714 975 1756 1011 fic
1789 975 1943 1012 Christus

1150 1021 1302 1055 Ecclefiae
1321 1019 1381 1056 suae
1399 1023 1558 1057 mundam
1582 1027 1614 1059 &
1634 1022 1801 1060 salutarem
1817 1037 1944 1073 corpo-

1151 1069 1194 1103 ris
1206 1074 1237 1106 &
1251 1069 1415 1118 sanguinis
1428 1069 1474 1106 sui
1491 1070 1720 1113 oblationem,
1739 1073 1796 1109 sub
1816 1073 1940 1122 specie-

1152 1117 1214 1152 bus
1227 1120 1319 1167 panis
1331 1125 1363 1156 &
1377 1120 1446 1154 vini
1460 1121 1728 1162 commendauit,
1742 1135 1805 1171 qua
1817 1134 1943 1170 corpo·

1150 1167 1194 1202 ris
1208 1170 1275 1203 eius
1288 1170 1432 1203 in‘cruce
1452 1181 1513 1216 pro
1527 1169 1625 1204 nobis
1641 1170 1772 1218 appensi
1791 1196 1802 1212 ‚
1822 1176 1854 1209 δι
1871 1170 1946 1207 san·

1151 1217 1261 1264 guinis
1287 1216 1376 1252 effusi
1397 1219 1594 1253 memoriam
1615 1214 1753 1255 subinde
1771 1222 1804 1256 in
1824 1221 1945 1269 animiq

1151 1265 1270 1302 nostris
1281 1279 1513 1302 renouaremus
1525 1291 1536 1307 ‚
1545 1271 1577 1303 δι
1589 1265 1730 1304 fructum
1743 1270 1832 1304 istius
1844 1269 1945 1306 obla-

1151 1315 1255 1350 tionis
1267 1327 1407 1351 cruentae
1417 1343 1427 1361 ,
1436 1327 1499 1364 qua
1509 1317 1542 1351 in
1554 1328 1711 1353 aeternum
1731 1317 1945 1354 consumma-

1152 1365 1200 1400 uit
1209 1363 1427 1400 sanstificatos
1442 1389 1452 1405 ,
1474 1366 1508 1400 in
1521 1378 1582 1400 nos
1596 1365 1853 1402 transferremus.
1877 1367 1945 1404 hoc

1152 1414 1197 1449 est
1217 1415 1308 1449 enim
1328 1412 1432 1449 facere
1452 1415 1486 1448 in
1506 1416 1703 1450 memoriam
1724 1417 1816 1457 eius,
1838 1417 1872 1451 id
1885 1417 1945 1457 est,

1151 1463 1254 1511 gratis
1264 1464 1385 1498 animis
1406 1475 1672 1498 commemorare
1697 1477 1839 1500 mortem
1862 1467 1944 1501 Do-

1151 1513 1258 1552 mini,
1271 1517 1302 1549 δι
1317 1524 1373 1559 per
1382 1513 1576 1548 memoriam
1589 1517 1621 1549 δι
1642 1515 1799 1549 meritum
1822 1512 1946 1562 pastio*-

1151 1562 1202 1596 nis
1213 1561 1282 1597 eius
1293 1562 1458 1609 deprecari
1468 1563 1598 1597 Patrem
1609 1587 1618 1603 ‚
1629 1573 1648 1597 v
1656 1572 1669 1597 t
1679 1554 1779 1597 nobis
1790 1563 1945 1599 reconci-

1151 1610 1258 1645 lietur.

1202 1661 1285 1694 Haec
1299 1657 1345 1694 est
1355 1658 1475 1693 munda
1486 1662 1517 1695 &
1528 1657 1672 1694 salutaris
1684 1658 1813 1696 oblatio
1823 1684 1834 1700 ,
1855 1660 1945 1696 illius

1151 1708 1241 1742 vnici
1254 1707 1488 1756 sacrificij‚quo
1497 1710 1650 1743 omniurn
1663 1707 1742 1745 salus
1753 1722 1945 1758 comparata

1152 1756 1555 1798 est‚rememoratiua,non
1567 1754 1673 1792 solum
1683 1757 1946 1807 fignificans,sed

1151 1805 1262 1854 reipsa
1273 1806 1307 1840 in
1318 1806 1349 1840 se
1367 1805 1655 1854 comprehendens
1674 1808 1848 1844 veritatem
1868 1809 1944 1842 illa-

1151 1867 1225 1890 rum
1236 1867 1343 1890 rerum
1356 1879 1367 1896 ,
1380 1867 1459 1903 quas
1479 1856 1683 1891 diuersorum
1704 1854 1944 1892 sacrificiorum

1151 1904 1342 1940 oblationes
1352 1905 1435 1939 olim
1471 1902 1700 1952 raefignabant:
1711 1905 1825 1940 eadem
1837 1905 1945 1941 nimi»

1152 1965 1225 1988 rum
1234 1953 1384 2001 corporis
1394 1957 1425 1989 ἃ
1449 1953 1602 2003 anguinis
1612 1951 1737 1989 Christi
1748 1951 1945 2002 hostia,quae

1152 2001 1186 2036 in
1206 2013 1301 2038 cruce
1313 2000 1357 2037 est
1371 2001 1565 2041 oblatamon
1575 2002 1653 2035 alia:
1668 2002 1757 2037 idern
1772 2003 1944 2050 agnus‚n5

1151 2051 1232 2085 alius
1245 2073 1254 2090 ,
1266 2055 1298 2086 δι
1308 2062 1391 2084 vnus
1404 2050 1584 2098 vtrobique
1596 2050 1748 2086 Christus
1761 2075 1771 2091 ,
1795 2049 1850 2087 sed
1862 2062 1944 2087 tunc

1153 2110 1289 2134 cruento
1300 2104 1330 2135 ἃ
1343 2097 1483 2146 passibili
1495 2099 1598 2133 modo
1608 2098 1740 2134 oblatus
1753 2098 1811 2138 est,
1828 2111 1892 2147 qua
1899 2113 1944 2135 o-

1153 2148 1302 2182 blatione
1311 2147 1469 2182 omnibus
1481 2146 1691 2182 credentibus
1717 2147 1943 2184 remissionem

1154 2207 1364 2244 peccatorum
1394 2200 1427 2232 δε
1456 2196 1722 2243 redemptionem
1741 2194 1944 2234 sufficienter

1153 2246 1356 2292 impetrauit.
1385 2245 1487 2280 Nunc
1497 2244 1579 2279 vero
1593 2245 1734 2280 eundem
1749 2245 1806 2280 sub
1819 2246 1944 2294 myste-

1154 2294 1203 2328 rio
1218 2299 1250 2330 &
1261 2294 1549 2330 modoincruento
1566 2298 1600 2330 &
1620 2292 1810 2341 impassibili
1824 2294 1943 2331 offeri-

1154 2355 1245 2382 muS,
1258 2355 1326 2377 non
1335 2353 1370 2377 vt
1379 2354 1587 2389 peccatorum
1607 2341 1829 2379 remiffionem
1852 2349 1885 2381 δι
1904 2357 1943 2380 a-

1154 2392 1318 2426 nimarum
1348 2392 1529 2426 nostrarum
1551 2389 1684 2427 salutem
1714 2392 1779 2427 iarn
1797 2391 1943 2440 primum

1154 2452 1422 2488 promereamur,
1442 2439 1495 2474 sed
1516 2450 1552 2474 vt
1568 2437 1722 2487 paffionis
1746 2441 1945 2476 Dominicae

1154 2490 1351 2524 memoriam
1373 2490 1556 2523 recolentes
1576 2511 1587 2528 ,
1614 2488 1695 2523 Deo
1716 2490 1836 2538 gratias
1859 2503 1940 2539 aga-

1155 2550 1227 2573 mus
1247 2551 1309 2586 pro
1321 2538 1419 2572 salute
1435 2536 1534 2572 nobis
1545 2538 1578 2571 in
1591 2549 1686 2573 cruce
1697 2538 1888 2586 impetrata:
1907 2544 1942 2577 δε

1155 2586 1202 2622 ibi
1215 2587 1426 2634 promeritam
1468 2585 1886 2623 eccatorurnremiflionem
1907 2593 1941 2626 δε

1154 2637 1422 2683 redemptionem
1435 2658 1446 2675 ,
1483 2635 1565 2672 de&
1578 2635 1761 2672 deuotione
1771 2636 1870 2672 nobis
1881 2650 1942 2684 ap-

1154 2685 1312 2732 plicemus
1330 2688 1363 2720 &
1381 2684 1642 2732 appropriemus.
1679 2685 1777 2720 Hanc
1802 2697 1869 2721 tarn
1892 2686 1943 2722 sa·
1969 2684 1972 2687 ’

1153 2735 1290 2769 lutarem
1310 2733 1480 2768 vistimam
1493 2733 1527 2767 in
1539 2730 1652 2780 spiritu
1663 2733 1812 2783 praeuidit
1831 2734 1943 2770 Mala·

1154 2781 1264 2822 chias‚
1279 2781 1354 2817 eum
1373 2781 1419 2816 ait
1436 2795 1446 2815 ι
1466 2781 1551 2817 Non
1563 2780 1609 2817 est
1630 2781 1714 2817 mihi
1733 2783 1884 2819 voluntas
1904 2784 1941 2820 in

1155 2829 1252 2866 vobis
1262 2831 1365 2870 ,dicit
1376 2831 1548 2866 Dominus
1559 2831 1774 2873 exercituum,
1782 2835 1941 2868 &munus

1155 2893 1225 2915 non
1235 2878 1402 2927 suscipiam
1410 2879 1451 2914 de
1461 2892 1556 2914 manu
1573 2880 1692 2915 vestrae
1705 2880 1747 2915 ab
1758 2890 1832 2915 ortu
1845 2881 1939 2924 enim

1155 2928 1230 2964 solis
1243 2925 1344 2976 vsque
1353 2927 1391 2964 ad
1402 2925 1552 2963 occasum
1565 2951 1575 2968 ,
1588 2940 1743 2977 magnum
1756 2929 1798 2964 est
1810 2941 1939 2966 nomen

1156 2990 1265 3013 meum
1276 2977 1309 3011 in
1323 2976 1478 3024 gentibus
1489 3000 1498 3016 ,
1509 2981 1542 3014 &
1557 2978 1590 3012 in
1610 2980 1706 3012 omni
1716 2977 1793 3012 loco
1810 2974 1938 3014 sacrifi-

1155 3023 1432 3062 catur&offertur
1449 3027 1580 3061 nomini
1600 3038 1677 3061 meo
1687 3025 1817 3061 oblatio
1839 3039 1941 3062 mun·
1987 3034 1991 3039 “

1156 3075 1208 3110 da.
1239 3074 1343 3124 Qd
1356 3074 1551 3110 vaticinium
1563 3074 1604 3110 de
1623 3071 1699 3109 solis
1719 3074 1941 3122 spiritualibus

1155 3123 1430 3170 sacrificiisaccipi
1444 3135 1512 3158 non
1526 3121 1634 3170 potest
1647 3145 1658 3162 ,
1668 3134 1739 3171 quae
1758 3124 1877 3158 nullius
1887 3124 1939 3160 le-

1155 3174 1206 3222 gis
1215 3174 1346 3220 propria
1357 3195 1368 3212 ,
1377 3171 1432 3207 sed
1442 3171 1601 3207 omnibus
1611 3170 1819 3219 temporibus
1828 3176 1862 3209 δε
1872 3172 1941 3208 ho·

1156 3222 1304 3257 minibus
1312 3223 1502 3256 communia
1513 3219 1653 3256 existunt
1664 3244 1675 3260 ‚
1686 3225 1720 3258 &
1730 3232 1805 3256 cum
1814 3219 1939 3260 sacrifi·

1155 3271 1217 3307 ciis
1228 3281 1377 3307 veterum
1389 3269 1513 3318 semper
1529 3269 1712 3305 commixta
1728 3269 1938 3307 dui-suerunt.

1889 3323 1940 3356 At
