2113 3674
340 207 398 242 154
805 190 838 224 A
857 189 892 222 D
942 189 970 221 1.

332 258 479 306 nequitia
491 256 704 305 quaestionem
719 251 972 299 exercebit-Ego
986 250 1026 284 de
1038 263 1113 285 om-

330 308 447 347 nibus,
466 308 553 342 nulla
576 303 792 349 exceptione,
815 301 1033 347 pronunciare
1045 312 1115 334 non

327 357 451 391 audeo:
478 359 611 401 Qtus
631 349 767 399 quisque
790 360 900 384 tamen
920 362 1034 383 eorum
1055 349 1114 389 est,

329 406 386 452 qui
398 429 407 445 ,
417 405 494 439 dum
507 401 675 436 aduersum
688 410 749 434 nos
762 397 982 438 confliRatun
994 410 1062 432 non
1072 398 1114 432 sr-

326 454 362 494 bi
375 452 521 489 conscius
533 450 571 485 sit
582 474 592 490 ‚
603 461 739 496 operam
749 446 780 483 se
791 449 895 495 magis
905 445 1113 485 hominibus,

291 501 293 505 ’
327 503 428 550 quam
440 502 518 535 Deo
530 501 664 534 locare?
694 499 764 532 Iam
785 496 860 531 cum
885 507 952 531 tota
967 495 1115 542 Epistola

328 563 389 585 nos
403 548 644 598 supramodum
668 547 884 581 inclementer
903 547 1038 583 tractes,
1057 557 1114 578 ex—

326 611 431 634 trema
443 610 552 633 tamen
570 596 705 632 clausula
728 595 814 629 virus
834 606 895 629 tuae
915 593 1112 632 acerbitatis,

270 652 273 655 “
325 649 426 696 pleno
437 660 513 686 ore,
530 648 563 680 in
573 658 634 681 nos
647 644 802 679 effundis.
833 646 1034 690 anuam
1057 655 1115 676 au-

327 708 395 732 tem
407 709 467 731 nos
484 695 619 730 minime
630 693 777 729 conuitia
788 693 840 726 illa
857 691 978 726 feriunt
989 715 997 729 ‚
1007 692 1113 727 &illis

325 747 389 781 iarn
404 758 464 794 pro
478 757 568 792 parte
581 755 675 778 antea
686 740 873 789 responsum
885 740 929 775 est
943 754 953 774 t
974 740 1054 787 quid
1064 751 1115 774 ta-

324 808 412 835 men,
424 794 545 843 quaeso,
559 794 593 828 in
607 803 753 828 mentem
764 790 827 825 tibi
837 791 928 824 venit
939 813 950 828 ,
962 801 998 823 vt
1007 790 1114 823 auari-

325 845 406 879 tiam
418 844 523 878 adhuc
535 843 632 878 nobis
645 840 806 875 obiiceres
819 841 832 871 ?
846 837 980 873 Putc'rsne
991 848 1114 872 tantam

326 895 361 928 in
372 893 491 928 nostris
502 890 698 927 hominibus
709 886 797 922 fuisse
806 886 1043 922 hebetudinem
1056 910 1066 926 ‚
1079 897 1115 921 vt

325 955 395 977 non
409 942 450 976 ab
463 941 537 989 ipsis
549 940 690 975 exordiis
707 938 893 985 cogitarent
903 959 913 975 ‚
934 934 963 987 se
976 948 1045 969 eam
1059 936 1114 970 in-

324 992 419 1040 gredi
432 992 519 1025 viam
530 1001 601 1038 quae
612 989 702 1022 lucro
711 991 743 1023 &
751 983 885 1033 quaestui
898 985 974 1019 esset
994 985 1112 1019 aduer-

323 1039 463 1076 simma?
479 1042 531 1075 An
544 1038 624 1074 vero
638 1037 713 1072 cum
728 1035 865 1070 vestram
880 1031 1023 1081 ipsorum
1036 1046 1114 1068 aua-

322 1090 434 1124 ritiam
449 1090 654 1123 traducerent
669 1110 677 1124 ‚
690 1098 760 1120 non
780 1082 940 1118 videbant
961 1095 1112 1131 magnam

322 1137 353 1174 se
365 1136 584 1173 necessitatem
605 1135 666 1170 sibi
687 1135 862 1180 imponere
884 1132 1112 1171 continentiae,

321 1200 357 1222 ac
369 1185 563 1235 frugalitatis
574 1209 583 1224 ,
596 1184 654 1219 nisi
668 1185 776 1231 pueris
792 1193 926 1229 quoque
939 1179 1014 1227 ipsis
1025 1178 1113 1214 sice-

323 1234 399 1271 rese
412 1236 570 1270 ridiculos
579 1234 704 1268 vellent
713 1235 728 1266 ?
755 1231 846 1266 Csim
859 1232 1023 1264 rationem
1044 1231 1112 1264 eius

322 1285 526 1334 corrigendae
538 1281 597 1319 esse
610 1282 820 1317 ostenderent
831 1303 842 1319 ,
867 1290 902 1313 vt
925 1279 1023 1312 nimis
1033 1280 1111 1325 opi-

321 1333 383 1368 bus
396 1342 651 1368 exonerarentur
662 1329 823 1368 Pastores‚
834 1328 902 1375 quo
915 1328 953 1361 ad
965 1327 1114 1362 Ecclesrae

321 1395 432 1418 curam
444 1382 548 1430 magis
559 1380 658 1416 essent
666 1379 821 1427 expediti,
835 1390 875 1411 an
887 1379 932 1411 no
945 1375 1004 1410 fibi
1013 1375 1114 1423 spon-

321 1443 355 1466 te
367 1432 493 1467 aditum
504 1432 544 1466 ad
556 1443 637 1478 opes
648 1425 915 1477 praecludebant?
967 1437 1012 1459 uae
1024 1427 1113 1460 enim

320 1481 390 1516 iam
404 1479 565 1516 restabant
583 1479 708 1513 diuitiae
720 1501 730 1517 ‚
746 1475 867 1524 quibus
882 1476 1114 1509 imminerent?

322 1529 417 1578 Qd
428 1532 441 1563 ?
453 1542 493 1564 an
505 1541 573 1563 non
585 1528 650 1562 hoc
658 1538 724 1561 erat
732 1524 915 1560 facilimum
928 1524 968 1558 ad
982 1524 1115 1558 diuitias

304 1579 306 1582 ’
321 1576 535 1626 honoresque
550 1574 787 1624 compendium
803 1596 812 1612 ‚
832 1573 939 1608 statim
955 1572 997 1606 ab
1014 1574 1112 1607 initio

321 1628 361 1662 iis
371 1639 443 1674 quae
464 1625 687 1661 offerebantur
709 1621 920 1672 pactionibus
941 1621 1115 1656 vobiscum

321 1676 522 1724 transigere?
540 1676 656 1721 quanti
670 1684 740 1708 tum
753 1671 936 1706 multorum
948 1669 1114 1706 silentium

323 1723 509 1760 redemisset
521 1722 652 1758 Potifex
663 1723 765 1756 vester
781 1723 794 1754 ?
808 1722 912 1766 Qiti
923 1719 1024 1754 hodie
1033 1732 1116 1766 quo-

314 1785 390 1821 ·que
400 1773 603 1808 redimeret?
631 1773 700 1805 Cur
710 1793 721 1809 ,
731 1768 754 1804 si
766 1770 818 1803 vel
831 1769 969 1803 minima
987 1767 1115 1803 haben-

323 1823 364 1856 ·di
381 1822 563 1869 cupiditate
575 1819 769 1856 titillantur,
782 1819 877 1851 omni
888 1818 941 1864 spe
960 1817 1116 1865 augendae

323 1873 376 1909 ‘rei
395 1868 522 1918 praecisa
533 1893 543 1909 ‚
555 1869 680 1903 malunt
693 1864 853 1914 perpetuo
865 1865 907 1901 sic
920 1865 1029 1900 miseri
1040 1865 1114 1906 effe,

327 1920 428 1967 quam
443 1918 525 1953 citra
536 1929 688 1965 magnam
701 1914 927 1949 difficultatem
940 1927 1007 1949 vno
1027 1926 1115 1950 tem—

327 1969 607 2016 poris‘momento
619 1963 772 2001 ditescere
781 1967 796 1997 ?
813 1961 867 1997 sed
879 1963 1016 1999 ambitio
1029 1988 1039 2004 ,
1053 1963 1115 1998 sci-

327 2018 407 2052 licet
418 2041 430 2057 ‚
449 2030 505 2051 eos
517 2016 649 2050 retinet.¹
669 2015 748 2048 Eius
761 2024 895 2060 quoque
907 2011 1115 2061 suggillatio-

327 2067 380 2100 nis
391 2079 489 2112 quam
503 2064 654 2099 habueris
667 2061 789 2097 causam
800 2085 811 2101 ,
824 2074 893 2095 non
905 2063 1004 2097 video
1015 2086 1025 2102 ‚
1038 2062 1114 2096 curn

318 2115 412 2149 ‘nihil
425 2114 510 2148 aliud
523 2113 693 2160 potuerint
706 2111 876 2158 expeostare
886 2110 1060 2158 ‚quibanc
1078 2123 1114 2144 a—

327 2164 475 2199 ctionem
493 2160 629 2210 aggi-effi
645 2160 716 2194 sunt
726 2161 824 2207 primi
837 2160 936 2206 quarn
955 2160 1017 2194 vta
1036 2171 1111 2194 toto

326 2212 411 2247 orbe
430 2208 706 2258 conspuerentur:
730 2213 761 2245 δε
775 2209 833 2256 qui
851 2211 962 2254 postea
975 2208 1113 2243 access‘e-

325 2273 404 2296 runt
417 2289 427 2305 ‚
439 2259 576 2295 scientes
596 2272 633 2294 ac
650 2258 801 2292 volentes
813 2256 842 2291 se
856 2258 1037 2292 innumeris
1056 2269 1113 2292 to-

325 2310 391 2345 tius
407 2309 522 2345 mundi
539 2306 749 2343 contumeliis
759 2318 793 2341 ac
803 2305 935 2353 probris
953 2305 1112 2353 exposue÷

325 2357 479 2394 rint.Vbi
490 2355 736 2392 autem-fraudes
749 2355 809 2389 illae
823 2367 858 2390 ac
870 2355 1030 2390 intestinae
1040 2368 1111 2390 ma-

324 2408 426 2444 litiae?
445 2407 546 2442 Nulla
562 2408 652 2441 enim
670 2417 779 2438 earum
800 2403 992 2451 suspicioin
1012 2404 1112 2440 nobis

320 2455 434 2491 haeret.
464 2458 520 2490 De
532 2456 571 2489 ii‘s
584 2467 663 2501 ergo
675 2453 786 2500 potius
795 2454 896 2487 traffli
907 2453 1040 2488 insacto
1053 2465 1113 2488 ve-

322 2505 391 2541 stro
405 2505 550 2553 collegio
564 2527 574 2542 ,
589 2503 646 2537 vbi
663 2502 817 2549 quotidie
836 2503 1012 2549 agitantur.
1042 2504 1112 2538 Ca-

322 2555 463 2589 lumnias
475 2555 544 2588 illas
555 2577 565 2592 ,
579 2552 656 2600 quia
666 2551 707 2585 ad
721 2550 822 2585 finem
843 2563 988 2598 propero
1001 2550 1015 2591 ,ἶ
1028 2558 1111 2599 prae'.

322 2605 424 2638 terite
434 2615 556 2651 cogor,
569 2600 661 2648 quod
675 2599 789 2635 nostro
802 2599 1108 2648 innitentescapiti,

320 2654 492 2686 neminem
517 2649 737 2698 reperimusin
749 2658 819 2682 tota
835 2648 975 2683 Ecclesia
985 2672 995 2688 ,
1007 2659 1109 2697 'quem

320 2711 476 2749 putemus
489 2700 555 2735 fide
569 2700 675 2746 aliqua
686 2697 826 2744 dignum
840 2710 849 2730 t
870 2697 1109 2745 calumniasta-

318 2762 399 2785 rnen
412 2747 473 2784 esse
483 2773 493 2788 ‚
504 2749 568 2783 iam
579 2747 656 2782 ante'
665 2745 736 2780 satis
750 2744 990 2780 demonstraui:
1001 2748 1111 2782 Tam-

319 2797 379 2833 etsi
387 2798 476 2832 enirn
493 2796 598 2832 solum
616 2796 691 2832 ‘Dei‘
707 2793 846 2829 verbum
865 2805 952 2829 extra
972 2807 1110 2832 omnem

317 2846 432 2890 'rudicij
453 2847 556 2880 aleam
579 2844 810 2880 constituimus
822 2867 833 2883 ‚
856 2843 1008 2887 conciliis
1030 2846 1109 2880 vero

318 2894 511 2942 &patribus
523 2896 566 2929 ita
589 2895 709 2928 certain
721 2892 856 2928 demum
875 2891 1109 2929 authoritatem

318 2943 468 2980 'constare
487 2943 672 2981 voluimus'‚
693 2940 715 2976 fi
735 2942 775 2976 ad
790 2942 859 2975 eius
879 2952 1031 2976 normam
1047 2955 1107 2987 [re-

318 2991 519 3040 spondeant:
544 3004 584 3034 eo
594 3003 705 3026 tamen
719 2990 848 3024 honore
858 2987 1003 3036 loeo'que
1022 3003 1107 3025 con-

319 3043 394 3076 cilia
412 3045 445 3078 &
456 3051 561 3088 patres
570 3040 745 3088 dignamur
754 3062 764 3079 ‚
775 3051 874 3087 quern
885 3037 1040 3073 obtinere
1049 3038 1106 3074 sub

319 3089 457 3135 Christo
476 3102 531 3138 par
550 3087 605 3130 est.
647 3088 710 3123 Sed
727 3089 880 3122 omnium
902 3088 1107 3123 teterrimum

317 3138 364 3175 est
376 3139 457 3173 illud
469 3139 592 3172 'crimen
606 3159 618 3175 ‚
639 3136 732 3184 quod
746 3133 894 3183 sponsam
906 3134 1032 3170 Christi
1052 3137 1106 3172 di-

315 3186 462 3234 scerpere
473 3184 583 3222 conati
595 3183 715 3227 sumus.
728 3186 767 3228 Id
779 3184 800 3218 fi
813 3196 929 3218 verum
938 3181 1104 3224 effet,me-

315 3237 382 3272 tito
395 3235 498 3272 &tibi
512 3259 521 3274 ‚
535 3239 567 3272 &
577 3233 654 3268 orbi
667 3232 818 3268 vniuerso
835 3232 1031 3269 haberemur
1043 3247 1103 3281 pro

315 3285 503 3334 deploratis-
523 3283 629 3332 Atqui
647 3288 718 3319 non
729 3282 823 3318 aliter
831 3283 958 3318 crimen
969 3281 1055 3319 istud
1067 3284 1102 3323 in

1033 184 1479 223 SADOLETVM

1162 262 1224 284 nos
1235 251 1367 298 recipii,
1381 250 1440 285 nisi
1454 249 1593 299 discerpi
1604 250 1643 286 ab
1657 252 1695 287 iis
1707 251 1832 287 Christi
1855 265 1944 300 pon-

1163 298 1226 333 sam
1244 300 1424 334 contendas
1436 301 1513 346 ‚qui
1531 302 1695 349 virginem
1711 301 1827 335 castam
1850 302 1945 337 exhi-

1163 347 1240 382 bere
1249 348 1385 383 Christo
1398 350 1547 396 cupiunt:
1556 351 1613 397 qui
1623 348 1728 384 san6hr
1739 350 1879 397 quadam
1888 363 1947 386 ze·-

1161 396 1288 443 lotypia
1301 397 1600 445 sollicitantur,quo
1609 410 1678 433 eam
1689 398 1824 434 Christo
1835 399 1947 434 illiba-

1162 456 1229 479 tam
1241 445 1445 480 conseruent:
1457 449 1513 494 qui
1526 448 1630 494 prauis
1643 448 1816 483 lenociniis
1831 461 1948 484 corru-

1162 496 1306 540 ptam‚ad
1320 494 1420 529 finem
1434 497 1640 543 coniugalem
1650 500 1874 545 reuocantzqui
1886 499 1948 533 ad-

1163 541 1270 576 uersus
1282 544 1447 578 adulteros
1459 557 1574 579 omnes
1585 569 1594 584 ‚
1607 557 1690 592 quos
1699 547 1768 580 eius
1780 548 1948 593 pudicitiae

1163 590 1306 626 insidiari
1317 592 1591 639 deprehenderint
1603 617 1614 634 ‚
1629 596 1882 630 contentionem
1893 594 1947 631 su-

1162 639 1282 688 scipere
1296 654 1364 675 non
1376 642 1542 676 dubitant.
1571 643 1614 677 Et
1623 644 1704 690 quid
1718 656 1780 677 nos
1794 645 1881 680 aliud
1893 643 1948 680 fe—

1163 691 1287 723 cimus?
1305 689 1433 725 Ndnne
1444 693 1624 739 peregrinis
1637 693 1796 726 doctrinis
1808 704 1946 734 tentata,

1164 739 1235 772 imo
1249 740 1371 773 violata
1385 738 1487 774 suerat
1500 764 1509 779 ‚
1522 742 1539 774 a
1556 740 1658 774 vestra
1668 739 1812 775 factione
1828 742 1949 777 Eccle-

1163 786 1213 821 fiae
1225 787 1374 822 castitas?
1400 788 1529 824 Nonne
1542 790 1706 823 violenter
1717 789 1734 824 a
1755 789 1853 824 vobis
1873 789 1950 826 fue-

1162 847 1210 870 rat
1232 837 1414 871 innumeris
1443 837 1729 885 superstitionibus
1758 838 1948 887 prostituta?

1162 885 1292 919 Nonne
1306 885 1482 920 foediffimo
1501 889 1558 922 illo
1571 888 1721 932 adulterij
1743 901 1862 936 genere
1874 912 1884 929 ,
1903 889 1950 925 fi-

1163 934 1382 969 mulacrorum
1395 937 1496 975 cultu,
1510 937 1683 984 inquinata
1698 949 1762 972 erat
1775 940 1788 970 ?
1802 938 1946 979 Scilicet,

1163 983 1239 1029 quia
1255 995 1322 1017 non
1336 984 1438 1018 sumus
1455 983 1529 1031 pasli
1541 1008 1551 1024 ,
1571 984 1804 1020 sacrofiin&urn
1822 986 1950 1023 Christi

1162 1031 1342 1066 thalamum
1370 1044 1464 1066 tanto
1486 1033 1600 1068 haberi
1621 1034 1638 1067 a
1660 1035 1758 1069 vobis
1785 1035 1948 1077 ludibrio,

1162 1079 1312 1127 sponsam
1325 1081 1393 1115 eius
1407 1081 1551 1116 lacerasse
1576 1082 1726 1117 dicimur.
1753 1084 1828 1130 Ego
1838 1094 1950 1120 autem

1162 1130 1345 1168 dico,illam
1358 1130 1458 1178 quarn
1470 1131 1487 1165 a
1497 1130 1596 1165 nobis
1609 1129 1692 1165 false>
1702 1132 1827 1166 accusas
1837 1156 1848 1172 ,
1860 1133 1950 1167 lace-

1161 1179 1325 1213 rationem
1338 1202 1348 1218 ‚
1366 1180 1452 1226 apud
1472 1193 1531 1214 vos
1550 1193 1620 1214 non
1640 1179 1776 1215 obscure
1787 1180 1946 1229 conspici.

1160 1227 1282 1274 Neque
1292 1228 1326 1261 in
1338 1227 1478 1263 Ecclesia
1492 1230 1524 1264 id
1539 1229 1665 1269 modo,
1684 1227 1737 1264 scd
1755 1231 1788 1264 in
1811 1229 1968 1265 Christo*

1161 1274 1231 1323 ipso
1246 1300 1255 1315 ‚
1283 1288 1382 1324 quern
1403 1277 1518 1313 misere
1536 1277 1705 1313 dissectum
1726 1277 1786 1313 esse
1806 1279 1947 1314 constat.

1163 1326 1349 1370 Qomodo
1375 1326 1492 1373 sponso
1523 1326 1580 1361 suo
1602 1326 1763 1362 adhaereat
1792 1328 1948 1368 Ecclesia,

1162 1386 1259 1421 quern
1270 1372 1391 1410 saluum
1403 1388 1473 1410 non
1482 1375 1605 1410 habet?
1639 1376 1709 1411 Vbi
1728 1388 1838 1411 autem
1850 1379 1950 1411 inco-

1161 1423 1294 1457 lumitas
1307 1422 1443 1463 Christi,
1458 1425 1536 1459 dum
1551 1425 1732 1465 &iustitiae,
1746 1429 1778 1460 ὅ(
1793 1424 1948 1460 Γειυᾶἰῑει-

1163 1474 1203 1507 tis
1218 1495 1228 1512 ,
1239 1477 1269 1509 δι
1282 1471 1445 1520 sapientiae
1458 1474 1562 1522 gloria
1574 1475 1638 1508 alio
1649 1472 1864 1512 transfertur?
1880 1479 1948 1510 At-

1163 1523 1220 1570 qui
1243 1531 1419 1569 antequam
1437 1523 1668 1558 accenderetur
1687 1523 1704 1557 a
1724 1523 1822 1557 nobis
1842 1534 1948 1558 certa-

1163 1583 1239 1606 men
1253 1594 1263 1610 ,
1278 1571 1452 1618 tranquilla
1462 1573 1587 1610 omnia,
1601 1577 1632 1608 &
1644 1572 1774 1620 optime
1786 1583 1897 1619 pacata
1909 1585 1949 1606 e-

1162 1631 1245 1654 rant.
1257 1622 1350 1654 Inter
1357 1619 1503 1655 Pastores
1515 1622 1664 1672 quidem,
1675 1627 1707 1658 &
1717 1622 1751 1658 in
1763 1619 1826 1668 ipsa
1837 1621 1947 1668 plebe,

1163 1669 1334 1716 ignauia&
1354 1668 1468 1716 stupor
1486 1670 1659 1705 effecerant
1671 1693 1681 1709 ‚
1701 1680 1737 1705 vt
1755 1670 1848 1704 nullae
1867 1683 1949 1717 pro-

1162 1718 1344 1763 penrodum
1355 1717 1454 1753 essent
1465 1720 1505 1754 de
1514 1715 1681 1766 ‘religione
1703 1717 1946 1753 controuersiae.

1163 1767 1203 1799 In
1217 1764 1334 1800 scholis
1345 1776 1453 1801 autem
1465 1791 1476 1808 ‚
1486 1768 1585 1815 quam
1598 1767 1724 1803 strenue
1735 1766 1892 1815 Sophistae
1900 1769 1950 1802 ri-

1163 1813 1345 1850 xabantur?
1364 1815 1455 1864 Ergo
1466 1829 1534 1850 non
1547 1815 1592 1851 est
1602 1840 1612 1856 ‚
1623 1816 1715 1864 quod
1727 1816 1900 1863 pacificum
1909 1829 1948 1851 a-

1164 1863 1230 1897 deo
1241 1863 1339 1899 vobis
1349 1876 1488 1912 regnum
1507 1864 1630 1900 tribuas
1649 1879 1658 1900 ε
1679 1865 1736 1899 vbi
1747 1877 1814 1899 non
1825 1865 1884 1899 alia
1894 1877 1948 1900 ra-

1165 1915 1259 1947 tione
1269 1914 1362 1960 quies
1374 1913 1453 1953 fuit,
1468 1913 1528 1949 nisi
1539 1915 1614 1961 quia
1625 1913 1776 1949 Christus
1795 1915 1948 1948 contice-

1164 1960 1231 1996 bat.
1258 1961 1336 1997 Post
1344 1974 1470 1997 nouum
1491 1964 1662 2010 Euangelij
1684 1973 1833 1997 exortum
1843 1985 1855 2002 ,
1875 1975 1950 1997 ma-

1163 2009 1391 2056 gnae,fareor‚
1413 2012 1645 2045 contentiones
1665 2009 1884 2045 efferbuerunt
1897 2032 1908 2050 ‚
1928 2011 1947 2046 εὶ

1163 2058 1284 2106 quibus
1295 2061 1388 2093 antea
1398 2062 1508 2094 ocium
1521 2071 1600 2094 erat.
1629 2060 1692 2095 Sed
1705 2059 1822 2094 nostris
1833 2059 1947 2094 homi—

1162 2107 1260 2141 nibus
1273 2109 1443 2145 immerito
1457 2109 1490 2143 id
1501 2110 1691 2156 imputetur,
1705 2110 1762 2156 qui
1773 2108 1858 2143 nihil
1868 2119 1945 2144 toto

1161 2157 1302 2191 actionis
1315 2156 1373 2191 suae
1382 2156 1513 2192 decursu
1527 2156 1731 2205 quaesietunt‚
1747 2157 1807 2191 nisi
1818 2181 1829 2198 ‚
1841 2169 1878 2192 vt
1890 2158 1947 2192 in-

1161 2205 1297 2240 staurata
1308 2207 1519 2254 religione‚in
1528 2219 1637 2241 veram
1649 2205 1946 2246 vnitatem‚discor-

1162 2254 1225 2288 diis
1237 2253 1309 2290 fusae
1319 2268 1354 2289 ac
1367 2254 1510 2303 dispersae
1531 2254 1679 2290 Ecclesiae
1699 2256 1946 2304 colligerentur·

1159 2303 1203 2337 Et
1215 2316 1256 2338 ne
1265 2315 1373 2338 vetera
1384 2317 1644 2340 commemorem
1656 2328 1667 2345 ,
1682 2305 1762 2351 quid
1777 2317 1880 2352 nuper
1889 2317 1946 2340 re.-

1160 2353 1268 2399 cipere
1277 2353 1500 2387 detrectarunt
1511 2377 1520 2392 ,
1533 2353 1662 2388 tantum
1672 2364 1708 2387 vt
1718 2352 1872 2387 Ecclesiis
1884 2365 1946 2400 pa-

1161 2413 1230 2435 cem
1251 2403 1487 2436 conciliarent?
1517 2402 1578 2437 Sed
1591 2401 1702 2450 frustra
1711 2404 1824 2436 omnia
1845 2414 1947 2449 expe-

1160 2451 1307 2489 riuntur,
1319 2450 1416 2484 vobis
1427 2451 1542 2485 contra
1551 2449 1840 2498 nitentibus.Qia
1851 2451 1943 2486 enirn

1160 2511 1273 2546 pacem
1294 2500 1348 2534 iiii
1359 2498 1483 2534 *habere
1497 2500 1632 2547 cupiunt
1647 2518 1660 2539 ,·
1679 2511 1753 2533 cum
1773 2512 1836 2547 qua
1850 2498 1943 2535 simul

1158 2547 1419 2583 floreat'christi
1435 2561 1589 2596 regnum:
1612 2560 1672 2582 vos
1692 2559 1822 2588 autem,
1844 2550 1944 2595 quic-

1159 2597 1241 2644 quid
1255 2596 1527 2632 acceditJChristo
1540 2620 1550 2636 ‚
1570 2597 1717 2644 deperire
1729 2597 1826 2631 vobis
1844 2607 1944 2645 pura-

1160 2647 1202 2680 tis
1213 2669 1225 2685 ‚
1235 2657 1304 2680 non
1316 2643 1434 2681 mirum
1445 2646 1488 2680 est
1511 2669 1521 2686 ‚
1536 2644 1557 2680 si
1571 2645 1701 2681 fortiter
1709 2645 1868 2682 resistatis.
1898 2647 1944 2682 Et

1160 2693 1289 2729 habetis
1316 2705 1399 2729 artes
1421 2719 1431 2735 ,
1465 2694 1587 2741 quibus
1607 2695 1758 2729 euertatis
1781 2704 1849 2729 vno
1873 2695 1941 2736 die,

1161 2743 1321 2790 quicquid
1341 2742 1400 2790 ipsi
1419 2745 1530 2778 multis
1548 2743 1713 2778 mensibus
1733 2755 1794 2790 pro
1816 2743 1941 2780 Christi

1160 2793 1264 2840 gloria
1274 2791 1459 2827 instituunt.
1488 2794 1572 2827 Non
1583 2793 1695 2827 multis
1707 2792 1815 2826 verbis
1828 2802 1861 2827 te
1871 2792 1941 2827 ob-

1160 2853 1251 2876 ruam
1266 2845 1361 2888 ,quia
1378 2853 1446 2875 vno
1468 2841 1572 2875 verbo
1593 2841 1746 2888 expedire
1765 2853 1833 2875 rem
1847 2842 1937 2877 licet.

1160 2889 1366 2924 obtulerunt
1387 2890 1416 2925 se
1426 2889 1530 2925 nostri
1541 2890 1582 2924 ad
1592 2890 1790 2924 reddendam
1802 2887 1862 2923 suae
1873 2890 1940 2925 do-

1159 2940 1270 2973 &rinae
1280 2939 1456 2973 rationem.
1483 2934 1692 2974 Cederenhn
1705 2938 1900 2979 detre6tant,
1914 2939 1938 2973 si

1152 2988 1241 3023 ’νίἃί
1256 2986 1439 3022 rationibus
1452 2986 1583 3034 fuerint.
1596 2990 1657 3022 Per
1666 2999 1751 3034 quos
1763 2999 1851 3021 nunc
1861 2986 1935 3027 stat,

1156 3035 1335 3084 quominus
1346 3037 1513 3083 &optima
1532 3048 1629 3084 pace,
1652 3039 1685 3072 δι
1702 3035 1847 3070 veritatis
1863 3037 1938 3072 luce

1156 3084 1278 3120 fruatur
1288 3084 1454 3120 Ecclesia?
1482 3089 1497 3119 I
1516 3097 1621 3123 nunc,
1643 3089 1675 3121 δε
1694 3096 1753 3118 nos
1764 3082 1937 3123 seditiosos

1153 3135 1302 3181 appella,
1318 3133 1565 3180 squiEcclesiam
1578 3132 1740 3181 quiescere
1759 3144 1828 3167 non
1848 3132 1935 3168 fina—

1155 3195 1239 3218 rnus.
1264 3182 1321 3217 Ne
1331 3183 1411 3230 quid
1420 3193 1529 3217 autem
1540 3182 1804 3229 praetermitteres
1815 3198 1828 3221 ῃ
1839 3181 1935 3230 quod

1153 3232 1192 3268 ad
1200 3231 1397 3280 grauandam
1408 3229 1531 3266 causam
1541 3230 1682 3266 nostram
1701 3227 1819 3265 faceret
1829 3252 1839 3271 ,
1859 3232 1938 3278 quia

1150 3279 1264 3317 -rnnl'rae
1278 3278 1388 3328 paucis
1411 3279 1481 3317 istis
1496 3282 1590 3316 annis
1607 3279 1696 3315 senffae
1718 3278 1932 3319 ebullierunt,

1863 3339 1932 3364 erus
