2113 3674
28 309 34 313 -
48 329 127 366 Issum.

730 209 1139 264 EPISbTOLA
1199 212 1234 247 1.'

170 277 208 311 rs:
225 273 395 311 imitandis
406 272 688 320 superstitionibus
699 272 811 308 fideles
822 272 956 308 irretiat.

171 325 249 360 Post
271 323 356 358 Isaiae
374 323 535 357 subnectit
552 323 799 357 testimonium:
820 325 957 368 Propter

171 373 263 421 quod
277 372 362 406 exite
373 371 539 405 demedio
553 384 665 405 eorutn
676 393 686 410 ‚
702 375 733 407 δι
751 371 954 417 separamini,

171 424 254 458 dixit
265 421 437 455 Dominus
450 443 460 458 ,
483 420 733 455 &immundum
749 432 789 453 ne
804 421 955 465 tetigeri-

167 472 222 506 tis.
248 472 328 513 Q
349 480 417 502 non
427 467 468 502 ab
478 469 722 502 incredulorum
743 468 953 513 corporibus,

167 521 316 554 locorum
328 515 434 564 spatiis
445 517 559 563 procul
571 515 632 551 effe
643 515 842 556 diffitos,sed
856 517 872 551 Ξι
882 518 954 563 pol.

165 567 241 603 lt‘itis
255 579 369 600 eorum
388 564 482 599 sacris
495 566 596 613 longe
619 566 800 612 diremptos
817 564 877 599 effe
900 566 953 599 iu-

165 615 342 663 bet.Qod
356 613 434 648 vero
447 614 618 660 Prophetae
631 613 820 654 verbis,s1ue
831 614 871 648 de
881 613 952 653 suo,

165 666 232 701 siue
241 663 372 698 aliunde
387 664 524 696 attexuit
535 664 838 710 P‹1ulus‚quodtutn
851 661 887 696 sit
899 675 953 697 re—

165 724 315 761 cepturus
325 723 386 745 nos
398 712 617 750 Dominus‚&
629 724 754 758 patrem
768 711 865 745 nobis
877 724 951 758 pre-

164 762 319 799 stnurus,
331 757 456 806 nosque
466 761 637 808 agniturus
657 761 690 794 in
704 759 791 793 filios
811 765 842 795 &
857 759 950 799 filias,

163 810 259 847 valde
270 809 442 856 percellere
455 821 515 842 nos
526 808 682 848 debetme
692 807 712 842 si
724 808 950 855 contraquam

163 858 312 908 praecipit
322 880 332 897 ,
354 858 605 891 immundorum
628 858 858 891 attrectatione
880 870 949 891 non

165 906 292 955 prorsus
313 905 564 940 abstinuerimus
576 929 586 944 ,
609 905 707 939 abiici
719 906 758 939 ab
771 904 840 952 ipso
851 918 949 952 repu-

163 955 311 1003 diarique
330 967 522 989 mereamur.
562 955 708 988 Proximi
728 953 949 989 offensionem

164 1017 239 1040 curn
251 1003 327 1039 alias
337 1002 416 1051 saepe
427 1027 436 1042 ‚
453 1015 523 1038 tum
535 1004 568 1037 in
580 1005 688 1049 priore
698 1003 735 1038 ad
748 1002 948 1038 Corinthios

162 1053 309 1101 Epistola
325 1051 457 1086 abunde
479 1053 613 1091 traetat,
637 1052 677 1089 ad
696 1051 947 1086 huncmodum:

41 1103 151 1145 't.Jcor.8
164 1104 219 1138 De
239 1102 342 1150 epulis
363 1112 434 1148 quae
453 1101 552 1135 idolis
572 1101 809 1140 immolantur,
831 1100 948 1135 scimus

162 1151 256 1199 quod
268 1151 394 1186 idolum
408 1148 488 1184 nihil
498 1151 541 1184 est
551 1172 559 1188 ‚
575 1153 605 1185 &
617 1149 707 1195 quod
720 1150 824 1182 nullus
835 1148 880 1182 cst
894 1150 947 1183 ni-

163 1201 186 1236 si
200 1212 282 1234 vnus
292 1202 402 1234 Deus:
416 1211 490 1232 narn
510 1196 636 1232 tametsi
658 1198 751 1231 multi
766 1199 943 1231 nominan-

162 1259 215 1284 tur
226 1272 236 1288 ,
247 1248 312 1283 siue
324 1251 356 1281 in
371 1247 470 1284 coelo,
485 1245 549 1280 siue
559 1247 696 1284 interra,
709 1246 766 1290 dij,
781 1245 879 1279 nobis
895 1257 944 1280 ta-

161 1309 238 1332 men
252 1308 333 1331 vnns
345 1297 436 1329 Deus
449 1298 541 1329 Pater
551 1319 560 1334 ,
579 1306 616 1328 ex
627 1306 695 1342 quo
705 1295 828 1332 omnia,
843 1299 873 1330 δι
886 1307 946 1328 nos

160 1346 194 1380 in
212 1347 270 1380 illo
285 1360 293 1380 t
306 1350 337 1381 δε
348 1355 430 1378 vnus
442 1345 612 1377 Dominus
625 1342 710 1378 lesus
723 1342 947 1390 Christus‚per

159 1406 260 1441 quem
272 1395 385 1428 omnia
398 1415 408 1432 ,
419 1397 451 1428 δε
464 1404 523 1426 nos
535 1404 591 1439 per
601 1391 718 1439 ipsum.
742 1390 794 1425 sed
816 1404 884 1425 non
901 1392 946 1428 est

160 1444 195 1478 in
206 1442 363 1478 omnibus
379 1440 521 1476 scientia.
539 1440 606 1475 Hic
619 1441 718 1475 etiam
730 1441 769 1474 ab
782 1441 946 1487 anticipa-

159 1493 255 1526 tione
266 1491 434 1526 exorditur
444 1513 454 1528 ,
466 1502 528 1536 qua
540 1501 596 1523 eos
612 1489 668 1536 qui
679 1490 845 1523 interioris
862 1502 946 1523 con-

159 1538 302 1576 scientia:
315 1541 505 1574 innocentii
513 1537 732 1572 obtendendo
742 1538 944 1578 cauillantur,

158 1589 277 1623 talibus
299 1586 508 1635 subterfugiis
527 1585 688 1624 exclusos,
708 1587 747 1620 ad
769 1586 946 1621 hominum

157 1639 357 1685 opinionem
370 1647 501 1671 reuocat
514 1648 522 1669 :
534 1647 617 1682 quos
639 1633 800 1669 fastorum
814 1634 945 1670 suorum

158 1686 256 1722 testes
276 1687 352 1721 dum
362 1684 522 1720 adhibent
533 1707 543 1724 ‚
555 1685 593 1719 ad
606 1685 719 1719 eadem
739 1685 887 1719 audenda
908 1698 942 1719 e-

156 1736 289 1782 xemplo
315 1734 372 1769 suo
394 1734 549 1768 inuitant.
585 1733 722 1768 Audent
745 1733 826 1768 vero
844 1756 854 1772 ‚
874 1747 943 1768 non

155 1785 233 1831 quia
246 1785 341 1818 licere
352 1783 561 1830 intelligant,
583 1780 638 1817 sed
657 1781 749 1830 quod
769 1782 944 1817 authorem.

157 1832 272 1867 vident
282 1844 381 1879 quem
392 1833 566 1866 imitentur
579 1854 589 1871 ,
602 1829 725 1865 tametsi
746 1843 782 1865 ex
807 1831 942 1866 aduerso

154 1880 346 1919 haesitante,
360 1879 428 1914 imo
442 1881 640 1914 reclamante
658 1879 866 1915 conscientiae
889 1882 943 1915 iu—

154 1930 260 1966 dicio.
286 1932 337 1965 Ac
348 1929 444 1968 vide,
455 1928 557 1976 quam
571 1928 678 1964 seuere
702 1929 760 1963 hac
775 1940 836 1964 vna
848 1943 943 1964 exce-

153 1979 272 2026 ptione
281 1990 397 2014 omnes
408 1976 644 2026 tergiuersandi
655 1976 742 2012 ansas
752 1979 942 2014 circficidat.

154 2027 356 2062 Idololatriae
368 2025 509 2074 speciem
525 2028 690 2073 quandam
710 2031 741 2063 δι
760 2025 943 2062 simulatio-

156 2088 236 2111 nem
247 2075 451 2116 habebatille
461 2076 500 2111 ad
520 2074 642 2110 sacrum
667 2075 838 2111 idolorum
860 2089 942 2124 epu-

157 2125 226 2159 lum
242 2123 411 2158 accubitus
429 2138 438 2158 :
460 2123 700 2160 accumbebant
720 2124 940 2161 nihilominus

158 2185 199 2208 ex
217 2171 368 2207 fidelibus
384 2172 517 2219 quidam
533 2196 544 2211 ,
568 2172 634 2207 hoc
653 2184 805 2219 praetextu
818 2198 828 2214 ‚
848 2175 941 2222 quod

158 2225 295 2269 puras&
306 2219 428 2255 sanetas
440 2222 675 2255 Deicreaturas
694 2223 828 2257 ederent
844 2238 852 2258 :
871 2234 942 2270 quae

158 2271 258 2305 etiam
269 2268 292 2304 si
304 2269 407 2303 milies
416 2268 514 2303 idolis
525 2267 623 2304 essent
635 2269 838 2310 consecratae,
857 2284 941 2306 con-

159 2317 313 2354 taminati
322 2329 431 2352 tamen
446 2315 596 2364 sacrilega
611 2316 799 2353 huiusmodi
824 2321 942 2355 conse-

159 2368 308 2403 eratione
321 2378 388 2400 non
404 2363 549 2411 possent:
565 2365 836 2413 quandoquidem
857 2369 942 2403 nihil

157 2415 198 2452 fit
210 2416 352 2453 idolum,
365 2413 423 2448 nisi
439 2425 556 2448 vanum
569 2414 781 2449 indoctorum
795 2415 942 2463 figmen-

158 2475 243 2500 tum.
270 2463 414 2498 Futilem
434 2461 497 2496 huc
508 2473 697 2509 praetexturn
710 2463 854 2510 quoillis
873 2467 942 2499 tol-

157 2514 204 2550 lat
214 2512 394 2561 Apostolus
405 2535 415 2552 ‚
428 2512 514 2545 illam
527 2511 666 2546 nimium
688 2510 844 2547 versutam
863 2526 942 2560 pru-

159 2563 307 2598 dentiam
319 2584 329 2599 ,
341 2573 406 2608 qua
418 2560 592 2606 praeteritis
604 2558 778 2608 neglefflsq
785 2573 823 2595 ue
833 2559 942 2597 fratti-

156 2611 240 2650 bus,
252 2610 312 2646 sibi
325 2610 481 2643 duntaxat
493 2607 637 2654 saperent
649 2633 659 2648 ‚
671 2609 785 2644 acerbe
797 2609 940 2659 castigat:

128 2690 130 2693 .
156 2659 444 2705 Scientia,inquit,
457 2656 880 2695 inflat‚charitasaedif1cat.
908 2661 940 2694 Si

156 2710 233 2757 quis
244 2720 353 2744 autern
366 2705 525 2741 existimat
545 2705 576 2741 se
589 2704 667 2741 scire
685 2707 830 2754 aliquid,
850 2721 939 2743 non-

157 2758 238 2794 dum
257 2757 433 2805 quicquam
449 2755 625 2802 intelligit,
637 2755 878 2802 qualiter-nosse
897 2770 939 2791 o-

156 2817 281 2855 portet.
311 2808 361 2840 Ac
390 2803 596 2838 simulacrum
614 2804 748 2850 quidem
769 2805 851 2839 nihil
880 2804 939 2840 effe

156 2855 313 2891 concedit
325 2868 332 2889 :
345 2851 397 2888 sed
410 2852 526 2888 contra
536 2850 656 2887 obiicit
667 2875 678 2892 ‚
689 2853 812 2900 aliquid
824 2852 884 2888 effe
895 2854 939 2888 fi-

155 2906 377 2940 mulactorum
400 2902 545 2936 cultum:
565 2902 813 2943 cuiusobeundi
835 2903 937 2937 indo-

153 2954 216 2989 ἃίε
235 2951 293 3000 ipsi
303 2950 457 2987 authores
466 2947 577 2984 essent.
606 2950 689 2984 Non
700 2950 746 2986 est
756 2952 884 2998 inquit,
901 2953 936 2986 in

155 3002 314 3037 omnibus
328 3000 468 3035 scientia.
500 2998 646 3045 Quidam
668 2999 747 3033 vero
768 3000 936 3036 cumidoli

155 3050 356 3092 conscientia
373 3073 382 3087 ,
406 3047 494 3094 quasi
519 3046 694 3082 simulacris
713 3047 935 3084 consecratum

154 3099 372 3136 manducarit,
393 3102 424 3133 δι
439 3094 787 3142 conscientiaipsorum
807 3097 880 3132 cim
898 3097 936 3132 fit

154 3147 286 3182 infirma
296 3170 307 3186 ‚
320 3147 488 3194 polluitur.
507 3145 623 3192 *Siquis
633 3157 706 3178 eum
718 3145 838 3180 viderit
850 3169 860 3185 ,
878 3147 936 3193 qui

155 3192 323 3230 scientiam
343 3194 442 3229 habet
454 3195 486 3228 in
505 3192 749 3228 simulacrorum
768 3195 866 3241 epulo
881 3208 936 3230 re-

157 3242 369 3279 cumbentem
383 3268 393 3284 ‚
408 3241 519 3277 nonne
532 3240 730 3277 conscientia
747 3244 816 3278 eius
828 3267 839 3283 ,
861 3244 937 3280 cum

157 3289 198 3327 sit
223 3292 367 3328 incertus
383 3321 394 3339 ,
420 3290 637 3328 aedificabitur
665 3291 706 3328 ad
731 3292 943 3330 manducam.

196 3374 200 3377 .
210 3370 223 3377 »ι

936 2936 971 2957 Γ.

1743 225 1792 263 553

1006 271 1105 306 dum?
1134 272 1298 320 &peribit
1312 274 1505 311 infirmusin
1517 287 1570 311 tua
1593 276 1792 312 conscientia

1005 318 1120 361 frater,
1133 315 1268 369 propter
1281 337 1376 370 quem
1391 325 1540 359 Christus
1561 337 1709 360 mortuus
1730 327 1791 362 cst?

1005 370 1056 403 Sic
1067 381 1174 404 autem
1186 384 1355 417 peccantes
1369 375 1402 407 in
1416 372 1526 408 fratres
1537 398 1545 413 ‚
1565 380 1595 409 δι
1611 376 1786 409 vulneran-

1003 428 1050 451 tes
1064 416 1208 452 infirmas
1220 432 1332 454 eorum
1344 421 1609 462 cons;ie1·.tias‚in
1622 423 1790 459 Christum

1004 466 1204 513 delinquitis
1220 472 1269 502 Ac
1281 468 1302 501 si
1315 470 1453 504 diceret:
1467 473 1569 519 Qod
1582 482 1694 506 omncs
1705 482 1787 519 gen-

1001 515 1084 549 tium
1106 515 1146 548 de
1167 516 1229 549 diis
1241 516 1300 550 suis
1312 516 1527 562 persti.1liones
1541 544 1550 559 ‚
1573 533 1652 555 vana
1675 520 1734 555 ell'e
1753 535 1788 556 ac

1002 561 1117 597 friuola
1128 575 1316 598 commenta
1334 571 1346 606 (
1358 577 1392 599 vt
1402 579 1434 600 re
1447 579 1519 603 vera
1535 569 1628 610 sunt)
1653 571 1787 611 ducitis,

1001 611 1098 646 vobis
1112 613 1143 646 id
1156 611 1230 647 solis
1243 611 1350 659 sapere
1362 615 1406 649 est
1421 618 1530 661 :quod
1546 630 1607 664 pra:
1620 619 1716 653 vobit
1727 631 1787 666 pa·-

1000 660 1065 694 lam
1078 659 1182 700 fertis,
1195 661 1233 695 ad
1247 659 1394 696 falsorum
1411 664 1546 698 deorum
1561 670 1680 701 cultum
1694 669 1786 714 quod

1001 711 1163 756 pertinere
1177 710 1281 744 videri
1293 709 1391 758 poffit
1403 734 1413 750 ‚
1427 713 1459 746 id
1471 714 1549 746 vero
1571 713 1676 749 facitis
1698 718 1786 750 mul-

1001 769 1109 792 torum
1122 759 1280 805 periculo.
1311 761 1400 794 Nam
1412 761 1468 807 qui
1479 761 1640 797 eiusmodi
1654 765 1778 811 specia-

1000 808 1074 841 culo
1086 810 1180 841 rudes
1193 805 1308 841 adsunt
1320 831 1329 847 ‚
1351 814 1382 844 ὅ(
1402 808 1581 856 sirnplice8‚
1598 813 1672 847 cum
1692 827 1785 848 non-⁴

1000 856 1077 890 dum
1093 857 1225 889 vestram
1238 856 1324 891 illam
1340 858 1548 903 prudentiam
1562 859 1623 894 lint
1641 861 1784 902 affe-suti,

999 905 1268 952 quaeintelligant
1286 906 1374 939 idola
1394 907 1477 941 nihil
1499 907 1577 947 esse,
1603 921 1660 943 vos
1674 922 1785 946 autem·

998 954 1162 988 idolorum
1173 950 1264 988 sacris
1276 957 1522 990 communicare
1535 959 1677 992 videant:
1691 961 1783 1006 quod

998 1003 1171 1049 concipere
1179 1003 1264 1036 aliud
1277 1015 1388 1037 auimo
1402 1004 1547 1052 possunt,
1562 1006 1618 1040 nili
1635 1020 1692 1041 vos
1707 1010 1784 1043 ido-

990 1051 1105 1085 lorum
1117 1049 1211 1085 sacris·
1220 1054 1465 1087 communicare
1477 1056 1622 1088 videant:
1633 1058 1711 1102 quid
1723 1061 1784 1092 ..5-

998 1100 1105 1146 cipere
1115 1100 1199 1134 aliud
1212 1101 1325 1133 animo
1339 1100 1468 1147 poll-unt
1481 1126 1490 1142 ‚
1513 1103 1569 1137 nisi
1591 1116 1651 1138 vos
1671 1107 1784 1140 idolo-

996 1160 1069 1183 rutn
1080 1146 1139 1182 effe
1152 1150 1294 1184 cultores
1306 1172 1316 1187 ,
1329 1162 1362 1184 ac
1375 1151 1516 1197 proinde
1540 1154 1647 1187 vestro
1668 1167 1783 1189 exem-

996 1197 1053 1244 plo
1071 1196 1259 1232 confirmari
1279 1198 1317 1231 ad
1338 1198 1369 1232 id
1391 1203 1664 1246 perpetrandum,
1687 1204 1780 1250 quod

997 1246 1195 1280 conscientia
1216 1245 1266 1281 sua
1288 1245 1397 1281 iudice
1417 1249 1608 1284 damnatum
1622 1251 1778 1287 habemt?

997 1297 1110 1341 Qare
1121 1295 1206 1329 illam
1219 1318 1229 1334 ,
1241 1307 1340 1343 quem
1353 1295 1538 1331 obtenditis
1549 1322 1558 1337 ,
1570 1301 1779 1344 prudentiam

997 1344 1081 1378 nihil
1098 1355 1311 1391 moror:quae
1328 1355 1362 1379 vt
1383 1345 1523 1392 captiosa
1543 1347 1587 1381 est
1611 1347 1778 1389 fratribus,

997 1390 1192 1439 errandique
1202 1394 1372 1428 materiam
1387 1393 1568 1440 praebet,ita
1584 1398 1718 1445 indigna
1732 1398 1779 1433 est

996 1440 1190 1475 hominibus
1202 1441 1410 1477 Christianis.
1423 1444 1516 1489 Qin
1530 1446 1581 1478 illa
1592 1457 1662 1492 quae
1672 1446 1711 1480 ab
1724 1459 1778 1481 ina

996 1490 1104 1524 doffis
1125 1491 1164 1525 ad
1186 1491 1410 1525 imitationem
1436 1492 1572 1526 vestram
1591 1497 1778 1529 committi-

994 1550 1046 1573 tur
1057 1539 1208 1586 impietas
1218 1562 1228 1579 ,
1240 1539 1373 1586 quando
1384 1539 1486 1574 vestra
1498 1542 1591 1588 culpa
1609 1543 1779 1578 contrahi-

995 1598 1066 1627 tur,
1081 1587 1179 1622 vobis
1191 1588 1368 1635 praestanda
1381 1588 1439 1625 est.
1450 1592 1518 1624 Iam
1531 1602 1610 1637 ergo
1621 1590 1692 1625 satis
1706 1605 1780 1638 per—

994 1634 1140 1683 spicuum
1151 1636 1338 1676 est,tamets1
1350 1637 1485 1685 publico
1497 1639 1691 1685 profitendae
1701 1642 1778 1675 reli-

994 1686 1107 1733 gionis
1119 1698 1252 1720 munere
1263 1698 1330 1720 non
1344 1699 1460 1722 omnes
1479 1690 1599 1735 pariter
1617 1688 1779 1724 Christia-

993 1735 1028 1768 ni
1042 1733 1178 1783 defungi
1192 1734 1316 1775 neceffe
1327 1734 1469 1771 habeant
1481 1760 1491 1776 ‚
1507 1735 1567 1771 eise
1579 1748 1688 1771 tamen
1709 1739 1780 1785 pri-

993 1794 1096 1817 uatarn
1105 1784 1268 1831 quandam
1283 1783 1520 1827 confessionem
1533 1809 1543 1825 ‚
1557 1797 1626 1832 quae
1638 1786 1654 1820 a
1667 1787 1779 1834 fingu-

992 1832 1031 1866 lis
1043 1856 1053 1871 ‚
1064 1834 1142 1867 citra
1155 1834 1384 1880 exceptionem
1396 1833 1600 1881 postuletur:
1613 1847 1683 1882 quae
1696 1838 1780 1870 intra.

992 1894 1076 1928 quos
1097 1882 1272 1917 consistere
1294 1881 1378 1916 fines
1398 1882 1538 1923 debeat,
1563 1886 1654 1918 nullo
1674 1887 1778 1920 modo

993 1930 1133 1966 definire
1150 1931 1239 1965 licet.
1276 1933 1453 1978 Propterea
1471 1933 1561 1979 quod
1585 1946 1643 1968 nec
1664 1935 1778 1970 eadem

992 1992 1109 2014 omnes
1135 1979 1175 2014 ad
1204 1978 1303 2027 ipsam
1323 1980 1485 2015 edendam
1512 1983 1613 2029 gratia
1647 1984 1776 2029 praediti

992 2026 1086 2066 sunt,
1107 2033 1138 2064 δι
1162 2030 1229 2063 eius
1241 2029 1326 2062 ratio
1350 2028 1440 2063 bona
1455 2043 1491 2063 cx
1515 2042 1606 2077 parte
1625 2032 1665 2065 ab
1679 2045 1778 2067 octa-

992 2076 1138 2111 sionibus
1151 2077 1290 2124 pendet,
1313 2089 1383 2126 quae
1395 2091 1462 2112 non
1476 2079 1635 2113 omnibus
1661 2079 1782 2121 similes,

990 2125 1178 2160 obueniunt
1197 2140 1206 2160 z
1229 2138 1360 2160 eatenus
1382 2127 1469 2162 certe
1487 2129 1643 2176 progredi
1666 2129 1777 2170 debet,

991 2187 1033 2208 ne
1051 2177 1132 2222 quid
1154 2174 1232 2209 fidei
1254 2176 1390 2209 veritate
1409 2177 1584 2223 indignum
1607 2201 1616 2215 ‚
1641 2191 1680 2212 ne
1696 2179 1776 2226 quid

990 2224 1162 2272 religionis
1175 2223 1291 2258 nostrae
1301 2225 1490 2269 integritate
1508 2227 1649 2261 alienum
1661 2250 1669 2265 ,
1683 2229 1700 2262 a
1713 2240 1788 2261 00--

989 2271 1040 2306 bis
1061 2274 1111 2306 vel
1124 2272 1269 2311 dicatur,
1293 2274 1346 2306 vel
1365 2273 1432 2308 fiat.
1460 2274 1539 2308 Eius
1561 2275 1773 2311 confeffionis

990 2322 1155 2368 exempla,
1176 2332 1339 2367 quantum
1350 2323 1513 2357 coniicere
1531 2325 1650 2370 partim
1671 2338 1706 2358 ex
1725 2328 1778 2359 A-

989 2369 1198 2417 postolorum
1221 2369 1367 2417 scripti8‚
1387 2371 1503 2417 partim
1525 2387 1561 2406 cx
1573 2372 1705 2407 vetustis
1722 2373 1778 2407 hi-

989 2418 1097 2452 storiis
1119 2416 1302 2464 poffumuS,
1315 2420 1347 2453 in
1359 2420 1474 2466 primis
1494 2421 1557 2455 illis
1579 2422 1662 2455 bene
1681 2422 1776 2457 infli-

988 2466 1069 2500 tutis
1095 2478 1132 2500 ac
1152 2467 1286 2502 moratis
1316 2468 1467 2504 Ecclesiis
1488 2471 1635 2517 praeclare
1665 2470 1777 2505 eluce-

990 2513 1080 2550 bant.
1105 2516 1194 2549 Nam
1213 2526 1248 2550 vt
1269 2529 1338 2550 non
1358 2518 1513 2565 leguntur
1524 2520 1589 2552 eius
1615 2516 1711 2553 seculi
1730 2517 1775 2555 fi-

990 2563 1143 2602 deles,in
1156 2564 1378 2600 viisvaclocis
1399 2566 1539 2614 publicis
1561 2567 1601 2600 de
1618 2565 1670 2601 sua
1691 2569 1772 2603 reli-

990 2613 1092 2659 gione
1105 2612 1323 2661 declamitaffe
1342 2628 1350 2648 ε
1362 2627 1395 2650 Vt
1406 2617 1503 2650 eriam
1517 2614 1763 2651 Christiannsse

989 2658 1050 2695 effe
1060 2659 1263 2696 diffimulaffe
1278 2676 1388 2698 coram
1402 2665 1441 2698 iis
1463 2687 1473 2703 ‚
1491 2664 1611 2710 quibus
1624 2665 1784 2713 euulgari·

988 2709 1204 2756 periculosum
1217 2709 1310 2748 esset.
1319 2713 1493 2761 leguntur:
1509 2713 1551 2746 ita
1563 2725 1632 2746 non
1643 2710 1771 2750 minore

986 2743 1096 2793 siudio
1113 2758 1234 2794 rursum
1257 2759 1494 2800 obscurabant,
1519 2773 1559 2795 ne
1579 2762 1632 2795 vel
1653 2763 1782 2798 aduetm

986 2807 1035 2841 sus
1065 2807 1150 2843 suam
1172 2809 1368 2855 religionem
1404 2810 1580 2857 quicquam
1599 2810 1781 2858 designa·

985 2867 1058 2891 rent
1069 2859 1119 2891 vel
1136 2858 1216 2892 alios
1227 2857 1414 2892 simularent
1434 2857 1462 2891 se
1474 2856 1533 2892 effe
1551 2858 1651 2906 quam
1664 2860 1770 2896 Chri-

985 2904 1118 2941 stianos.
1144 2907 1187 2942 Et
1207 2904 1279 2942 sane
1305 2919 1373 2953 quo
1396 2919 1531 2941 numero
1551 2907 1669 2942 habeat
1683 2910 1769 2943 ‘Do-

986 2955 1094 2988 minus
1124 2967 1180 2989 eos
1203 2978 1215 2994 ‚
1243 2957 1299 3002 qui
1319 2955 1419 2990 fidem
1439 2957 1535 2990 omni
1562 2955 1767 3003 confeffione

984 3015 1118 3038 vacuam
1140 3004 1227 3039 intus
1240 3006 1432 3044 continent,
1451 3005 1713 3042 animaduertere
1729 3020 1768 3042 ex

985 3052 1096 3101 elogio
1107 3053 1182 3088 licet
1193 3076 1204 3091 ‚
1217 3065 1285 3100 quo
1303 3052 1344 3087 ab
1355 3053 1563 3100 Euangelista
1576 3054 1769 3091 describun-

983 3111 1055 3136 tur:
1068 3101 1168 3136 Multi
1181 3125 1191 3140 ,
1207 3103 1316 3149 inquit
1327 3124 1337 3140 ,
1351 3102 1605 3149 exprincipibus
1617 3099 1767 3138 credide-
1777 3115 1889 3150 'loni-,12

982 3161 1058 3185 runt
1070 3150 1258 3190 in>eum,sed
1275 3149 1595 3197 propter-Pharisaeos
1605 3162 1677 3187 non
1686 3161 1769 3187 eon-

983 3197 1168 3234 fidebantur
1179 3213 1241 3237 ,ne
1251 3201 1424 3233 eiicientur
1435 3198 1452 3233 ὲ
1472 3198 1646 3247 synagoga.
1669 3203 1768 3236 Dile-

981 3258 1097 3282 xerunt
1108 3249 1197 3282 enim
1211 3248 1312 3295 magis
1323 3248 1460 3294 gloriam
1471 3248 1657 3288 hominum,
1667 3251 1767 3296 quam

982 3297 1122 3345 gloriam
1134 3298 1213 3334 Dei.
1226 3297 1260 3332 O
1274 3297 1434 3333 exitialem
1446 3298 1559 3344 gloriae
1568 3299 1776 3343 appetentia}

1457 3349 1489 3381 A
1502 3348 1532 3380 A
1543 3359 1571 3380 a.
1609 3345 1643 3392 ij.
