2113 3674
507 231 601 266 AD
660 224 1261 269 VER‘S'1PELLEM.

142 299 210 330 Iam
233 295 300 344 quo
323 293 494 328 decentius
521 288 744 326 sibi'censoris
766 299 871 336 partes

87 343 237 392 vsurpet,
260 345 320 378 viri
340 341 509 390 personam
531 340 649 375 induit.
674 338 872 374 Vbiiterum

85 393 311 441 perspicaciam
341 392 426 427 suam
461 389 534 423 satis
560 388 736 422 liberaliter
763 387 870 420 extol-

85 444 124 477 lit
143 457 151 477 :
171 442 262 489 quod
281 453 357 475 mox
391 450 568 484 antequam
595 450 632 472 ex
663 434 804 483 professo
830 435 878 470 ad·

86 489 353 539 cognoscendum
371 487 400 522 se
418 489 602 534 accingeret
622 509 632 525 ‚
660 484 870 519 animaduer-

87 542 163 574 terit
175 552 229 574 eos
239 540 294 586 qui
315 549 424 585 prauas
439 537 617 582 opiniones
629 534 791 582 corrigere
803 534 870 567 stu-

86 588 208 622 debant
238 586 312 631 ὑπέρ
334 586 379 620 nt*
400 582 571 629 ἐσκαμμένα

87 686 172 719 vitio
205 683 352 718 notando
375 680 523 716 seneritas
556 689 672 714 terreat
692 691 809 713 omnes
832 691 868 714 ac

83 732 267 780 compescat
290 755 299 771 ,
328 729 491 779 cogzitque
520 730 646 777 linguas
667 739 784 762 omnes
801 726 866 761 ob-

84 781 267 816 mutescere.
296 781 449 814 Tandem
469 776 593 825 scriptis
605 776 770 824 vtriusque
789 788 865 824 par-

102 832 144 865 tis
162 831 337 878 diligenter
355 833 387 864 &
406 827 530 861 attente
542 823 786 866 examinatisffi
805 836 865 858 ve-

83 890 115 913 ra
135 891 238 914 narrat
263 884 275 919 )
293 875 447 924 vltrc‘oque
465 880 497 911 &
519 876 604 909 citro
627 875 693 921 pari
712 875 864 922 aequitate

83 926 227 974 expensis
254 950 262 962 ,
285 927 444 961 arbitrum
473 922 502 957 se
529 925 743 969 interponens
771 943 781 961 ,
810 923 865 956 ni·-

83 978 183 1011 miam
206 975 446 1010 vehementiam
463 977 495 1009 δι
515 971 670 1006 excessum
683 973 716 1006 in
729 981 865 1018 Vtraque

84 1035 175 1072 parte
195 1025 338 1059 damnat.
367 1034 484 1070 nempe
500 1023 575 1069 quia
597 1021 722 1055 audiuit
736 1031 770 1054 vt
789 1021 865 1066 plu-

84 1073 206 1108 timum
227 1075 260 1107 in
282 1071 355 1106 aestu
375 1071 629 1106 contentionum
652 1069 685 1103 id
706 1069 862 1107 accidere,

84 1120 224 1156 facturus
246 1120 305 1155 sibi
322 1119 570 1168 operaepretium
588 1116 669 1151 visus
681 1117 725 1151 est
742 1138 752 1156 ‚
769 1116 788 1150 si
811 1118 863 1150 in-

84 1171 168 1218 tegri
181 1174 212 1206 &
223 1170 262 1204 ad
281 1169 437 1205 summam
447 1167 711 1203 moderationem
721 1177 864 1211 compo-

83 1217 134 1254 siti
162 1219 308 1252 hominis
336 1217 607 1252 existimationem
630 1214 687 1248 sibi
712 1217 862 1260 acquire-

82 1279 142 1302 ret.
175 1267 266 1314 Ergo
283 1277 315 1300 vt
341 1264 451 1299 sedato
466 1264 577 1298 animo
595 1263 633 1296 ad
651 1259 813 1296 censuram
825 1274 862 1295 a-

82 1315 224 1361 gendam
248 1313 277 1347 se
289 1314 439 1348 accedere
455 1312 588 1358 probet,
621 1309 770 1345 consulto
782 1309 811 1345 se
821 1310 862 1344 ab

80 1364 176 1398 omni
192 1364 332 1410 partium
352 1357 651 1400 studioabstinuisse
670 1358 761 1394 dicit.
801 1358 863 1393 Sed

83 1411 159 1446 cum
182 1422 304 1446 certum
317 1409 353 1445 sit
372 1418 458 1444 eum*
467 1421 533 1442 non
546 1409 653 1442 minus
672 1405 809 1442 feruoris
821 1420 863 1441 ο,

83 1460 143 1494 lim
156 1471 219 1507 prae
229 1460 259 1494 se
274 1458 398 1499 tulisse,
419 1457 517 1506 quam
529 1468 613 1504 quos
634 1469 719 1490 nunc
737 1457 862 1490 intem-

83 1511 238 1556 perantiae
263 1507 386 1542 accusat
405 1530 414 1547 ,
432 1506 511 1554 quid
529 1509 618 1539 iuuat
637 1503 798 1552 spectrum
815 1505 862 1539 al-

83 1559 125 1592 tis
150 1556 319 1591 cothurnis
332 1556 483 1591 indutum
504 1555 537 1588 in
552 1552 677 1588 scenam
697 1553 863 1592 inducere,

81 1615 119 1639 vt
140 1603 169 1639 se
190 1607 323 1654 genium
349 1603 456 1639 nescio
485 1614 584 1650 quem
617 1601 634 1637 ὲ
655 1603 741 1636 coelo
771 1602 860 1636 dela-

80 1653 172 1699 psum
194 1652 375 1701 persuadeat
394 1655 407 1687 ?
429 1655 506 1688 Hoc
535 1649 718 1685 refellendae
738 1651 861 1698 putidae

81 1707 115 1738 &
132 1700 233 1736 futilis
250 1703 439 1750 arrogantiae
458 1697 546 1736 causa
569 1698 715 1734 breuiter
734 1699 861 1734 dictum

81 1753 245 1799 oportuit.
483 1783 487 1787 .
587 1789 590 1792 Δ
637 1765 639 1767 ·

122 1803 174 1834 Ac
193 1812 234 1834 ne
254 1802 305 1834 cui
320 1799 430 1833 videar
447 1798 545 1833 nimis
565 1794 692 1846 praecise
711 1806 767 1831 aut
785 1808 862 1831 mo-

80 1847 152 1882 rose⁷
166 1848 337 1888 hominem
360 1845 538 1894 aspernari,
561 1848 618 1894 qui
632 1856 666 1880 vt
677 1847 788 1893 vigeat
800 1858 863 1892 pu-

79 1897 148 1931 rior
167 1897 287 1944 religio
309 1919 320 1936 ,
343 1906 463 1930 certam
486 1896 627 1943 aliquam
650 1893 863 1929 reformatio-

81 1957 157 1980 nem
175 1956 322 1992 expetere
342 1944 473 1978 videtur
492 1958 501 1979 ι
523 1955 702 1990 antequam
729 1943 863 1989 longius

82 1995 272 2042 progrediar
283 2017 294 2034 ‚
311 1991 497 2028 insidiosam
513 1994 618 2040 vulpis
627 1991 773 2026 astutiam
786 1992 863 2026 bre-

84 2042 167 2076 uiter
187 2042 337 2090 detegere
359 2040 480 2075 necesse
491 2041 547 2076 est.
570 2042 637 2075 Cui·
646 2040 861 2088 gratificetur,

84 2093 118 2126 &
139 2101 202 2136 qua
219 2089 272 2138 spe
290 2090 472 2125 conductus
489 2090 695 2137 prouinciam
707 2089 790 2123 hanc
803 2102 863 2136 ap-

82 2139 238 2185 petiuerit
248 2151 265 2178 ς,
281 2140 314 2172 in
333 2138 496 2184 praesentia
515 2151 583 2172 non
611 2136 755 2184 disputo.
775 2137 864 2173 certe

85 2199 151 2234 qua
175 2185 357 2220 ambitione
378 2191 409 2222 &
428 2188 562 2222 auaritia
586 2185 700 2234 flagrat
714 2209 725 2226 ,
744 2186 865 2221 deinde

85 2246 150 2282 qua
173 2233 376 2269 confidentia
384 2233 429 2268 est
443 2234 572 2271 inflatus
585 2247 600 2271 ,’
617 2247 684 2269 non
697 2235 863 2282 vulgarem

84 2283 146 2318 sibi
165 2282 349 2317 mercedem
370 2282 550 2330 proposuit.
583 2283 666 2317 Non
680 2294 761 2317 >vrai·
779 2295 864 2318 con-

83 2332 217 2366 iecturis
235 2343 390 2378 tanquam
409 2331 441 2365 in
453 2343 485 2364 re
497 2330 661 2378 ambigua.
678 2330 779 2366 sciunt
789 2333 864 2367 mil-

84 2380 116 2415 le
132 2381 226 2414 testes
242 2380 276 2413 in
290 2380 381 2423 cuius
399 2379 582 2414 clientelam
606 2378 641 2413 se*
656 2391 758 2426 nuper
779 2392 865 2414 con-

83 2429 197 2463 tulerit
224 2451 234 2467 ‚
256 2429 308 2462 cui
329 2427 428 2461 fidem
445 2426 530 2461 suam
550 2426 762 2462 obstrinxerit
781 2451 792 2467 ‚
813 2429 865 2463 cui

85 2476 117 2511 se
127 2477 318 2514 deuoucrit‚
330 2481 363 2512 &
379 2476 536 2511 addixerit
547 2473 597 2509 sua
618 2474 795 2523 obsequia,
813 2478 865 2512 cui

85 2526 229 2573 denique
249 2525 397 2559 libellum
420 2523 509 2558 suum
521 2524 680 2558 obtulerit
690 2547 700 2563 ‚
714 2536 781 2558 non
793 2524 866 2560 abs-

84 2585 150 2621 que
168 2573 405 2608 condimento.
436 2575 524 2608 Nam
550 2574 626 2620 quia
644 2570 732 2606 labra
752 2573 865 2607 nactus

85 2633 152 2658 erat
174 2622 290 2657 similia
309 2621 370 2657 suis
389 2622 521 2656 lactucis
542 2644 552 2660 ‚
572 2633 640 2655 non
664 2618 754 2668 posse
774 2622 866 2656 aliter

85 2672 243 2719 componi
260 2675 292 2706 δε
312 2671 416 2717 pacari
438 2671 555 2705 Galliae
575 2669 682 2704 turbas
704 2668 866 2716 praefatus,

85 2721 185 2766 quam
207 2718 337 2754 sublatis
356 2718 548 2766 quibusdam
577 2716 781 2754 crassioribus
811 2720 865 2752 vi-

87 2769 140 2803 tiis
159 2791 170 2808 ,
192 2766 252 2802 sibi
276 2769 310 2802 in
332 2780 429 2802 manu
450 2766 627 2802 artificium
648 2765 706 2801 effe
732 2768 865 2802 ia6iauit

86 2828 154 2864 quo
172 2817 338 2851 violentos
358 2840 368 2855 ,
391 2827 426 2850 vt
440 2815 594 2854 vocabat,
619 2817 750 2863 piorum
760 2828 864 2850 ¹cona-

87 2876 138 2900 tus
163 2863 334 2900 discuteret
361 2876 396 2898 ac
428 2863 610 2911 diffiparet.
648 2865 866 2911 Supercilium

88 2913 270 2962 quamlibet
287 2912 418 2952 efferat,
440 2911 597 2947 semiliter
613 2912 737 2947 adulati
759 2913 866 2948 voluit

89 2975 180 2998 nouo
198 2974 338 3010 patrono
358 2985 368 3001 ‚
389 2962 440 2996 cui
460 2960 525 2996 hoc
544 2972 772 2996 commentum
793 2963 865 3008 pla-

90 3010 309 3050 cuisse-..non
327 3010 371 3044 est
389 3010 482 3056 quod
503 3011 672 3047 miremur.
709 3011 866 3057 Coeperat

89 3061 177 3095 enim
194 3057 247 3094 sex
258 3059 333 3094 ante
345 3057 509 3093 mensibus
529 3059 566 3092 ad
580 3058 661 3092 hanc
671 3060 782 3105 praxin
791 3061 866 3094 ani-

91 3121 179 3150 mum
192 3108 340 3143 adiicere
357 3131 367 3146 ,
384 3113 421 3143 ¹&
451 3107 652 3154 quotidianae
671 3108 738 3142 eius
767 3118 877 3144 voees

91 3155 245 3192 iam-›ffirer
256 3158 289 3192 in
303 3155 513 3204 prouerbium
524 3154 730 3194 transierant,
748 3156 865 3190 incon-

91 3203 244 3240 sideratos
262 3204 398 3252 essequi
417 3203 448 3239 se
467 3202 695 3238 reformationi
711 3215 868 3250 oppone-

92 3263 187 3289 rent.
200 3253 336 3303 Cupide
355 3266 436 3302 ergo
456 3253 602 3289 oblatam
620 3251 775 3288 turbandi
795 3265 867 3289 ma-

484 3383 497 3399 ¹-

601 581 766 630 prosilire.
797 581 879 627 Mi-v

84 648 178 676 rum,
200 634 257 670 nisi
281 635 346 669 baec
368 645 433 668 tam
454 631 655 666 admirabilis
678 632 710 664 in
729 629 877 664 obscuro

1633 247 1705 282 409

922 290 1035 329 teriam
1053 294 1187 341 arripuit
1201 319 1211 335 ‚
1231 306 1267 329 vt
1286 295 1416 342 piorum
1447 295 1548 331 studia
1570 295 1702 344 frange-

921 350 987 373 ret:
1006 342 1083 386 quia
1101 344 1226 377 nullum
1244 344 1461 391 abrumpendi
1483 346 1586 380 cursus
1607 357 1712 380 com-³

921 389 1078 433 pendium
1092 391 1205 424 melius
1214 392 1263 430 sit,
1277 394 1374 439 quim
1389 393 1408 427 si
1425 394 1490 427 liaec
1507 395 1622 428 nebula
1635 394 1703 428 ob-

922 435 1128 471 tenebrandae
1140 440 1202 472 luci
1216 439 1702 490 spargatur.(Ioi·reCiionqqiii-

921 484 996 518 dem
1013 498 1096 533 opus
1111 485 1188 521 esse:
1207 487 1258 521 scd
1271 490 1311 522 ab
1330 490 1454 524 acribus
1467 493 1618 526 remediis
1631 497 1700 527 hon

920 533 1028 567 minus
1040 532 1100 569 esse
1117 536 1273 582 periculi,
1298 539 1395 583 quam
1413 539 1452 572 ab
1475 540 1543 586 ipso
1566 539 1698 576 morbo:
1745 540 1746 544 ¹

921 582 997 628 quia
1008 584 1143 619 exitialis
1164 583 1199 617 sit
1212 582 1359 618 seueritas
1374 599 1442 633 quae
1455 591 1491 622 ad
1516 600 1700 624 extremum

919 629 1018 677 vsque
1027 632 1104 665 vitia
1116 631 1393 679 persequiturmec
1405 637 1539 671 modum
1554 637 1700 672 sanatio-

918 680 967 713 nis
981 691 1165 726 temperat.
1194 683 1306 716 Vnum
1331 682 1393 716 hoc
1415 696 1499 719 nunc
1522 699 1620 732 agunt
1638 688 1697 734 qui

919 728 1052 775 cupiunt
1069 729 1101 762 in
1122 730 1230 765 Gallia
1257 730 1381 765 restitui
1403 744 1518 779 purum
1537 737 1603 768 Dei
1625 737 1697 770 cul—

917 786 1007 817 tum,
1026 787 1060 811 vt
1083 778 1224 813 Ecclesia
1246 777 1394 813 sordibus
1417 783 1694 828 &inquinamen-

917 826 958 859 tis
976 849 986 865 ‚
1009 825 1127 874 quibus
1149 824 1262 863 misere
1283 826 1404 862 foedata
1428 829 1473 863 est
1493 854 1502 868 ‚
1525 844 1690 879 purgetur.

915 874 1074 922 Erumpet
1093 874 1204 910 subito
1234 878 1462 912 conductitius
1488 880 1695 921 intercessor,

915 924 1164 970 quiadmoneat
1181 924 1236 959 diu
1264 935 1354 959 tanta
1375 926 1415 960 de
1443 939 1475 960 re
1504 928 1690 964 deliberan-

916 973 993 1006 dum
1004 971 1073 1007 effe.
1094 974 1242 1017 Qnuis
1253 975 1340 1008 enim
1352 975 1501 1022 plurimis
1519 977 1608 1010 vitiis
1621 990 1698 1012 cora-

914 1032 1008 1067 rupta
1028 1019 1065 1055 sit
1087 1023 1204 1069 religio
1222 1045 1231 1060 ‚
1254 1027 1285 1059 &
1304 1022 1497 1070 grauissimis
1511 1025 1636 1059 morbis
1651 1027 1698 1061 la·

916 1068 1012 1104 boret
1030 1070 1170 1104 Ecclesia
1188 1094 1198 1110 ‚
1219 1068 1263 1104 fas
1285 1082 1393 1106 tamen
1419 1086 1484 1107 non
1502 1071 1562 1108 esse
1580 1073 1698 1109 sacram

916 1119 1076 1152 Romanae
1094 1117 1244 1153 Ecclesia:
1272 1119 1504 1155 authoritatem
1528 1124 1699 1158 conuelle-

914 1178 948 1200 re
960 1189 971 1206 ,
983 1165 1145 1214 totiusque
1157 1168 1387 1202 Occidentalis
1399 1170 1546 1205 Ecclesiae
1560 1170 1690 1213 statum,

914 1217 972 1261 qui
992 1216 1069 1250 inde
1081 1215 1202 1262 pendet
1214 1239 1224 1255 ‚
1235 1215 1442 1253 labefiic‘tare:
1463 1221 1536 1267 quia
1550 1219 1699 1255 sine‘cri-

916 1266 1005 1298 mine
1035 1264 1230 1299 defectionis
1247 1270 1278 1300 &
1303 1264 1481 1302 schismatis
1506 1291 1515 1307 ,
1542 1281 1698 1315 perpetua

914 1324 984 1359 quae
994 1311 1295 1360 abipsisApostolis
1310 1313 1474 1362 hucusque
1487 1317 1614 1351 durauit
1625 1316 1698 1352 suc-

915 1359 1011 1395 ceffio
1022 1384 1032 1402 ‚
1046 1362 1160 1396 violari
1172 1375 1324 1409 nequeat.
1353 1365 1427 1398 Nec
1438 1365 1574 1399 deerunt
1587 1365 1698 1403 suffra-

915 1421 1044 1457 gatores
1061 1410 1100 1445 ad
1116 1412 1256 1458 reliquas
1279 1409 1392 1446 fabnlae
1415 1424 1520 1459 partes
1541 1412 1698 1449 subordi-

914 1459 991 1492 nati.
1022 1460 1074 1493 Ita
1091 1470 1173 1493 vana
1199 1460 1350 1495 vtilitatis
1362 1460 1466 1507 specie
1482 1474 1598 1496 omnes
1620 1465 1697 1509 pio-

915 1518 985 1540 rum
1003 1510 1138 1542 c'onatus
1154 1506 1257 1543 facete
1278 1510 1428 1543 eludent.
1475 1512 1547 1544 Hac
1568 1511 1698 1548 vafritie

914 1555 1061 1590 libellum
1081 1554 1172 1590 fuisse
1189 1557 1208 1591 a
1225 1557 1354 1591 laruato
1382 1558 1593 1605 pacificatore
1615 1573 1700 1595 con-

914 1614 1040 1638 textum
1058 1627 1068 1642 ,
1090 1604 1183 1639 facile
1203 1617 1241 1640 ex
1262 1617 1419 1642 contextu
1452 1607 1700 1657 deprehendent

914 1654 1049 1688 oculati.

962 1703 1041 1736 Haec
1062 1702 1164 1748 porro
1184 1703 1288 1737 totius
1308 1701 1478 1751 farraginis
1498 1703 1621 1740 summa
1639 1706 1696 1747 est,

914 1751 1039 1784 nullutn
1071 1750 1159 1798 posse
1187 1752 1306 1786 certius
1337 1753 1496 1787 iudicium
1525 1755 1699 1796 inueniri,

915 1799 1015 1845 quain
1035 1798 1057 1834 si
1081 1799 1149 1846 ipsa
1161 1802 1341 1882 ᾗδετίρῑιηῃ
1364 1825 1375 1840 ,
1398 1799 1531 1848 eir'isque
1551 1814 1625 1837 vera
1646 1806 1701 1839 in-

915 1848 1099 1895 telligentia
1117 1848 1156 1882 ad
1186 1848 1322 1883 ibeatur.
1357 1849 1425 1885 Hic
1456 1851 1566 1897 primo
1585 1851 1702 1888 obser-

915 1908 992 1932 uent
1011 1897 1188 1938 Leetores,
1210 1898 1408 1944 Scripturam
1429 1899 1461 1932 in
1484 1898 1611 1935 summo
1623 1914 1702 1949 gra·-

916 1945 958 1979 du
978 1946 1022 1980 ita
1041 1946 1141 1980 locari
1161 1969 1171 1983 ‚
1192 1956 1228 1980 vt
1253 1958 1323 1993 pars
1343 1957 1449 1981 tamen
1469 1948 1580 1995 iudicij
1594 1951 1703 1986 aliun-

916 1993 956 2028 de
976 1994 1126 2041 pendeat.
1158 1995 1262 2042 Qod
1287 1996 1325 2029 ad
1349 1997 1603 2043 intelligentiam
1625 2012 1703 2047 per-

916 2043 999 2078 tinet
1023 2066 1034 2082 ,
1056 2041 1162 2077 fateor
1179 2042 1252 2091 sane
1281 2056 1349 2078 non
1369 2045 1445 2079 ideo
1467 2048 1620 2082 traditam
1643 2047 1703 2083 esse

917 2093 1170 2137 Scripturamyvt
1192 2091 1321 2127 aboleat
1346 2093 1541 2140 Prophetiae
1562 2097 1700 2133 donum:

916 2139 1060 2188 ideoque
1084 2141 1260 2175 tenendam
1275 2139 1334 2175 ess'e
1345 2144 1585 2191 Petriregulam
1597 2147 1702 2183 ,Non

916 2186 976 2222 esse
1009 2190 1141 2236 priuatae
1174 2190 1456 2235 interpretationis
1485 2204 1558 2239 quae
1584 2192 1700 2242 scripta

916 2235 990 2271 sunt
1008 2238 1076 2272 Dei
1096 2238 1225 2271 oracula
1244 2251 1252 2270 ε
1278 2239 1353 2285 quia
1373 2252 1442 2273 non
1463 2239 1612 2277 hominis
1635 2255 1699 2277 vo-

916 2287 1041 2320 luntate
1065 2286 1148 2319 olim
1179 2286 1271 2319 allata
1299 2287 1346 2322 est
1373 2288 1552 2335 Prophetia
1568 2315 1577 2330 ‚
1606 2290 1659 2325 sed
1679 2291 1698 2326 ὲ

917 2335 1038 2381 Spiritu
1057 2332 1168 2368 saneto
1194 2335 1324 2381 impulsi
1349 2335 1448 2371 saneti
1470 2337 1622 2373 homines
1642 2340 1697 2373 lo-

916 2384 1013 2430 quuti
1031 2381 1116 2417 sunt.
1146 2385 1193 2416 At
1213 2383 1294 2417 vero
1312 2384 1413 2432 longe
1430 2386 1496 2420 alio
1518 2399 1579 2422 nos
1598 2388 1697 2423 trahit

917 2430 1030 2466 censor
1048 2429 1109 2465 suis
1129 2430 1325 2478 ambagibus
1344 2456 1353 2471 ,
1375 2446 1416 2468 ne
1440 2435 1521 2481 quid
1541 2447 1698 2470 momen-

915 2480 943 2514 ti
963 2480 997 2514 in
1027 2478 1057 2513 se
1080 2480 1250 2514 contineat
1283 2482 1445 2529 Scriptura
1466 2507 1476 2522 ‚
1500 2484 1560 2518 nisi
1589 2485 1699 2519 adiuta

918 2526 1094 2562 hominum
1122 2527 1272 2562 decretis.
1301 2531 1392 2577 Ergo
1413 2531 1585 2578 postquam
1613 2532 1699 2567 visus

917 2575 962 2610 est
973 2576 1097 2623 aliquid
1119 2577 1286 2624 Scripturae
1299 2578 1424 2613 deferre
1434 2603 1444 2618 ‚
1463 2580 1495 2613 in
1508 2582 1573 2614 eius
1586 2581 1699 2616 locum

919 2623 1035 2659 callide
1053 2623 1213 2661 substituit
1224 2624 1396 2661 hominurn
1414 2629 1529 2674 placita
1541 2652 1550 2668 ,
1561 2641 1630 2676 quae
1643 2641 1700 2664 ca-

917 2672 1048 2710 tholicae
1069 2674 1254 2709 traditionis
1276 2675 1389 2723 elogio
1414 2675 1567 2723 insignit:
1591 2689 1625 2713 vt
1637 2689 1698 2713 ve⁴

917 2722 992 2756 ritas
1013 2734 1080 2756 non
1106 2721 1221 2770 scripta
1239 2746 1249 2762 ‚
1271 2736 1369 2771 quam
1389 2726 1529 2771 appellat
1553 2727 1594 2761 ad
1615 2727 1700 2762 diri-

919 2770 1052 2805 mendas
1079 2770 1195 2806 omnes
1223 2773 1460 2808 controuersias
1488 2785 1552 2808 vna
1580 2776 1695 2811 valeat.

917 2819 1040 2866 Neque
1065 2830 1174 2855 tamen
1196 2833 1249 2855 me
1269 2821 1346 2856 latet
1369 2820 1452 2856 hanc
1472 2820 1532 2856 effe
1551 2834 1698 2859 veterem

918 2873 951 2903 &
969 2868 1315 2908 tritamtcantilenam,
1338 2882 1401 2916 qua
1422 2873 1484 2904 iam
1505 2873 1598 2906 annis
1615 2875 1712 2920 qua-¹

918 2917 1065 2964 draginta
1075 2920 1212 2964 Papatus
1232 2918 1384 2964 impietas
1394 2918 1521 2954 defensa
1537 2918 1597 2955 fuit
1610 2922 1699 2957 asnis

919 2967 1079 3012 patronis.
1103 2964 1155 3000 sed
1175 2968 1253 3013 quia
1269 2967 1379 3001 noster
1402 2967 1610 3004 AEnobarbus
1629 2994 1638 3010 ,
1661 2982 1699 3006 vt

919 3014 962 3048 est
982 3011 1091 3050 fronte
1107 3012 1206 3049 ferrea
1218 3038 1228 3054 ,
1246 3020 1276 3050 δι
1291 3017 1423 3061 ρεξὶοτε
1446 3016 1602 3065 chalybeo
1615 3041 1624 3058 ‚
1644 3020 1699 3053 ni·-

918 3060 940 3096 si
959 3062 1148 3109 plumbeum
1168 3065 1242 3109 quis
1259 3065 1351 3098 malit
1370 3087 1381 3104 ‚
1402 3075 1438 3099 vt
1458 3067 1540 3101 olim
1565 3068 1605 3101 de
1626 3078 1696 3101 ata-

917 3123 962 3144 uo
973 3112 1118 3152 Neronis
1136 3113 1272 3147 dietum
1285 3113 1330 3148 est
1347 3137 1358 3152 ‚
1379 3113 1468 3161 quasi
1487 3127 1554 3149 rem
1576 3128 1698 3150 nouam

917 3159 996 3195 &in
1016 3158 1068 3195 sua
1087 3158 1220 3196 officina
1239 3159 1427 3196 fabricatam
1448 3164 1606 3208 protulit,
1628 3177 1697 3199 non

918 3208 1052 3243 inuideo
1069 3222 1168 3257 quam
1186 3221 1360 3257 tantopere
1380 3209 1508 3245 affeffitat
1527 3212 1696 3246 veterato-
1746 3252 1753 3259 .

917 3257 961 3291 ris
987 3258 1116 3303 laudem
1144 3272 1154 3294 ι
1183 3258 1289 3295 mode>
1319 3260 1427 3307 palam
1457 3271 1606 3307 appareat
1640 3272 1698 3308 per

1373 3307 1475 3342 MM.
1522 3309 1544 3352 j.

1296 3397 1313 3405 a.
