2113 3674
336 226 398 271 953
741 195 1178 255 ADMON1.T10
1226 217 1501 253 VLTJMA

338 286 439 319 etiam
452 280 573 330 spec'tat
583 280 665 317 illud
674 279 856 328 Augustini
867 303 877 320 ,
891 277 1040 314 Accedat
1053 290 1130 314 ver-

338 333 421 368 bum
445 332 486 367 ad
506 333 712 367 elementum
722 354 732 370 ,
754 334 786 365 &
798 329 858 364 fiet
869 331 1131 364 Sacramentum.

339 384 436 418 Hinc
453 391 586 429 apparet
605 379 705 427 quam
717 378 806 414 bona
819 377 887 413 fide
895 389 957 412 nos
970 377 1042 413 doli
1055 377 1133 413 mali

340 431 532 467 insimulent
542 427 741 477 Magdeb.&
753 427 852 476 quam
867 426 1018 462 modeste
1030 427 1133 464 &hu-

340 481 480 515 maniter
493 478 592 513 nobis
603 476 997 526 exprobrent,imperiose
1008 488 1071 511 nos
1080 476 1132 511 iu-

339 530 418 564 bere
432 529 524 576 quod
534 540 704 575 nunquam
717 528 751 561 in
766 538 911 561 mentem
922 527 1027 561 venit.
1085 525 1133 560 nis

342 580 432 613 enim
450 590 520 612 non
533 579 624 612 videt
636 575 801 612 tuncvere
814 587 888 610 cum
901 576 1042 622 pietatis
1053 589 1133 623 pro-

340 627 431 662 fectu
443 628 547 661 teneri
563 626 733 674 signorum
748 624 838 661 vsum
855 649 864 665 ,
885 624 943 658 vbi
958 626 992 659 in
1007 626 1071 659 illis
1082 637 1135 659 re-

342 675 449 724 fulget
462 674 637 723 promiffio
647 699 657 714 ‚
670 685 964 722 quaremota‚tota
977 675 1066 709 actio
1081 675 1136 708 in-

342 726 404 761 star
416 726 534 760 ludicri
546 723 719 773 spmstaculi
732 724 912 759 euanescit?

391 773 596 810 Vicesimum
610 774 732 809 sextum
743 782 989 820 argumentum.
1021 773 1130 806 Coena

341 825 489 860 Domini
513 824 674 871 accipitur
686 823 772 858 fide:
797 820 878 856 fides
891 820 937 855 est
950 833 1057 855 rerum
1074 819 1134 853 ab-

339 872 496 909 sentium.
541 874 633 921 Ergo
656 874 690 906 in
711 874 820 906 Coena
842 882 909 903 non
922 869 1037 917 praesto
1050 869 1138 903 adest

341 929 461 969 eortius
472 921 708 970 Christi-quod
718 920 759 956 sic
770 920 952 954 correctum
964 918 1066 966 paulo
1077 919 1138 952 erit

339 974 470 1019 aptius,
493 971 647 1007 Instituta
660 970 705 1005 est
722 972 828 1004 Coena
842 992 852 1008 ‚
875 979 907 1003 vt
919 967 1090 1003 Christum
1103 968 1138 1000 in

342 1020 468 1056 coelesti
490 1019 541 1055 sua
561 1021 665 1069 gloria
679 1019 846 1053 sedentem
866 1017 932 1052 fide
944 1028 1138 1064 quaeramus:

340 1069 408 1105 hoc
419 1081 530 1105 autem
543 1070 648 1105 modo
662 1068 818 1114 impletur
829 1065 986 1113 Apostoli
997 1066 1138 1104 dic‘tum,

341 1119 444 1154 fidem
458 1131 565 1154 rerum
576 1116 637 1153 effe
650 1117 946 1152 absentium.Loco
960 1116 1066 1162 igitur
1077 1114 1138 1148 ab·

341 1169 388 1204 est
414 1168 565 1203 Christus
585 1166 764 1203 secundum
789 1165 965 1199 humanam
978 1175 1138 1198 naturam.

341 1218 483 1254 Nomen
496 1215 824 1264 loci-exprimo‚quia
837 1227 905 1248 non
918 1212 1026 1248 obstat
1037 1211 1139 1247 dista-

339 1268 386 1302 tia
399 1290 408 1303 ‚
432 1267 614 1314 quominus
635 1264 781 1300 fruamur
812 1262 979 1311 praesentia
999 1260 1140 1301 Christi,

341 1316 474 1363 qualem
500 1313 624 1351 scilicet
646 1313 807 1349 desiderat
831 1312 925 1348 fides.
956 1308 1025 1346 Hic
1045 1308 1141 1346 cessat

342 1363 683 1413 Magdeburgensium
697 1360 820 1396 solutio
831 1384 840 1399 ‚
855 1361 955 1396 fidem
970 1360 1140 1394 interdum

343 1416 430 1450 circa
442 1413 628 1460 corporalia
637 1409 891 1457 versani.Neque
900 1411 989 1444 enim
1001 1408 1022 1443 si
1035 1408 1138 1444 Chri-

341 1462 427 1498 stum
442 1474 479 1497 ex
490 1463 635 1510 Virgine
647 1465 807 1499 natum&
819 1457 1011 1494 crucifixum
1021 1470 1141 1505 appre-

341 1510 480 1550 hendit,
501 1509 594 1545 simul
606 1511 706 1545 etiam
726 1507 996 1544 detrahitecoelo
1014 1530 1024 1546 ‚
1047 1518 1081 1542 vt
1091 1508 1141 1541 lo-

343 1573 385 1596 co
396 1558 587 1607 praesentem
601 1558 779 1594 fistat.N0s
795 1558 876 1591 vero
889 1568 960 1592 eam
977 1567 1050 1603 quae
1062 1555 1143 1592 fidei

343 1610 517 1647 conuenit,
529 1607 655 1644 Christi
671 1606 874 1654 praesentiam
890 1607 924 1640 in
940 1607 1048 1640 Coena
1060 1602 1143 1639 fate-

344 1657 619 1696 munabsent'mm
631 1656 861 1703 restringimus
871 1655 910 1689 ad
923 1665 1039 1701 nature²
1053 1654 1143 1688 veri-

345 1717 460 1742 tatem.
490 1707 570 1741 Hoc
583 1706 687 1740 modo
698 1705 790 1752 supra
806 1701 1087 1752 spemagnoscunt
1100 1701 1141 1737 fi-

347 1756 449 1795 deles,
461 1755 600 1802 quanuis
611 1756 644 1788 in
658 1766 740 1789 terra
754 1753 1024 1801 peregrinentur,
1039 1752 1142 1786 vitam

350 1806 467 1853 capitis
478 1804 525 1838 sui
537 1803 598 1838 sibi
611 1803 671 1838 effe
685 1814 915 1837 communem.
1140 1808 1143 1812 '

401 1852 607 1889 Vicesimum
630 1851 806 1900 septimum
833 1860 1066 1898 argumentum
1085 1847 1143 1888 est,

351 1905 548 1946 Humanum
561 1914 678 1948 corpus
691 1901 736 1935 est
747 1899 924 1935 definitum
937 1923 947 1939 ,
966 1911 1024 1934 nec
1036 1897 1144 1946 potest

351 1951 414 1987 effe
425 1950 568 1998 vbique:
581 1949 730 1985 Christus
742 1948 817 1982 vere
829 1947 1011 1983 humanum
1024 1959 1144 1994 corpus

346 1999 532 2048 assumpsit:
548 1998 697 2036 &adhuc
711 1997 845 2032 retinet.
869 2010 950 2043 ergo
964 1996 1144 2031 secundum
1166 2002 1171 2005 ’

346 2050 525 2085 humanam
546 2060 694 2083 naturam
716 2058 785 2080 non
800 2043 909 2091 potest
932 2044 992 2078 effe
1003 2045 1141 2092 vbique.

350 2103 500 2146 Apparet
512 2099 600 2133 inter
612 2096 642 2131 se
655 2093 756 2130 lufiffe
768 2090 1070 2142 Magdeburgenses
1082 2117 1092 2132 ,
1111 2098 1145 2129 &

351 2149 433 2183 dum
456 2158 603 2182 euertere
625 2146 745 2179 volunt
765 2143 886 2177 sacrum
907 2141 1144 2178 &inuiolabile

350 2197 477 2233 Christi
488 2192 745 2243 symbolum‚sua
755 2191 901 2239 symbola
913 2189 999 2238 quafi
1013 2191 1053 2225 ad
1065 2203 1143 2225 cau-

351 2258 476 2294 ponam
487 2243 612 2278 afferre.
634 2245 738 2278 Cuius
748 2243 793 2275 rei
810 2242 1026 2288 praemonitos
1041 2241 1142 2274 velim

351 2294 413 2330 else
427 2294 580 2332 lectores,
592 2304 627 2326 vt
639 2291 659 2326 fi
673 2290 1079 2339 posthacanimaduertant
1091 2287 1147 2323 vs-·

353 2356 420 2391 que
429 2344 466 2377 ad
478 2341 644 2377 fastidium
658 2341 760 2387 repeti
771 2340 862 2386 quod
874 2339 938 2373 iarn
952 2337 993 2373 de
1002 2338 1078 2371 loco
1090 2337 1144 2372 di—

355 2395 445 2427 &cum
459 2391 504 2426 est
518 2415 528 2431 ,
549 2403 586 2425 ex
606 2390 671 2424 hoc
690 2401 808 2423 aceruo
821 2385 960 2422 confuso
972 2388 1144 2434 colligant,

356 2441 442 2476 nihil
462 2440 588 2475 iudicio
611 2439 662 2473 vel
683 2438 809 2472 ratione
820 2435 910 2471 fuiffe
919 2435 959 2471 ab
971 2436 1035 2470 illis
1047 2437 1143 2483 dige-

355 2490 460 2526 stum:
476 2489 528 2525 sed
542 2489 621 2523 dum
636 2498 787 2521 mutuum
801 2486 881 2520 muli
892 2484 1040 2522 scabunt,
1051 2483 1145 2532 quod

356 2542 475 2586 cuique
486 2537 614 2573 effutire
625 2534 802 2584 placuit‚ab
811 2536 880 2569 aliis
893 2537 1144 2581 receptum-At-

356 2601 421 2636 que
431 2600 465 2623 vt
479 2588 602 2634 reliqua
616 2586 770 2620 omittam
780 2607 789 2624 ,
809 2584 890 2629 quid
902 2582 961 2618 fibi
973 2583 1042 2617 vult
1052 2581 1145 2629 quod

356 2636 524 2673 tricesimo
540 2637 616 2670 loco
629 2634 717 2670 idern
731 2631 859 2681 prorsus
871 2633 1037 2667 inculcant
1049 2654 1060 2670 ‚
1085 2630 1146 2665 nisi

361 2687 440 2733 quia
463 2684 674 2731 symbolum,
693 2681 785 2730 quod
808 2679 965 2716 secundus
982 2680 1146 2719 attulerat,

367 2735 460 2783 prior
471 2734 639 2781 repudiare
651 2732 775 2767 noluit?
783 2730 895 2765 Venio
908 2742 996 2764 nunc
1005 2728 1045 2763 ad
1058 2727 1148 2763 solu-

359 2787 503 2820 tionem.
532 2784 744 2820 Dicunt,nos
756 2790 888 2827 arguere
899 2779 917 2813 a
926 2778 1019 2814 dicto
1031 2775 1150 2812 secund

359 2834 443 2868 dum
463 2831 543 2879 quid
557 2832 595 2866 ad
610 2831 736 2866 dictum
748 2827 950 2875 (impliciter.
964 2827 1054 2861 vnde
1066 2838 1147 2873 pro-

360 2882 458 2917 bant?
473 2881 548 2927 quia
564 2881 675 2915 Maior
687 2879 840 2914 continet
851 2876 1049 2922 principium
1062 2874 1147 2922 phy-

358 2929 534 2977 ficfi,quod
548 2929 588 2963 de
602 2927 799 2976 corporibus
813 2924 1059 2971 intelligitur,in
1072 2924 1148 2971 qui-

359 2979 420 3015 bus
432 2978 515 3013 nihil
526 2977 608 3012 inest
618 2987 732 3025 praeter
743 2985 932 3012 creaturam.
943 2975 1104 3018 Qiaerunt
1117 2973 1147 3007 i-

360 3024 566 3077 gitur,fuerit
579 3026 749 3061 infinitum
760 3023 840 3059 illud
853 3033 984 3068 corpus,
997 3020 1101 3056 necne
1112 3022 1147 3056 in

361 3090 430 3125 quo
441 3077 533 3111 Deus
544 3074 679 3122 Abrahe
687 3069 967 3122 apparuit-Siquid
976 3082 1031 3104 eos
1040 3070 1148 3116 pude-

361 3123 482 3166 ret,hic
494 3123 581 3159 certe
594 3122 880 3160 obmutescerent,
893 3131 935 3154 ne
946 3130 1020 3153 curn
1032 3119 1148 3164 puerili

363 3173 421 3210 suo
440 3173 562 3221 garritu
584 3172 763 3218 proderent
783 3183 883 3218 quarn
895 3169 981 3204 inter
990 3165 1020 3201 se
1032 3168 1150 3203 fouent

363 3221 503 3271 profani
512 3220 747 3256 ambitionem.
760 3221 815 3255 Ad
827 3220 996 3254 Minorem
1011 3214 1149 3262 respon-

366 3272 447 3307 dent
456 3294 466 3309 ‚
487 3268 658 3306 Christum
676 3280 744 3303 non
755 3268 897 3303 humana
908 3263 1012 3300 modo
1024 3275 1149 3305 natura,

365 3319 420 3357 sed
431 3320 544 3357 diuina
553 3317 804 3366 etiampraeditfi
815 3310 1150 3364 effe,quaeineffabili7

973 3392 989 3399 α

1179 289 1228 313 ter
1239 278 1324 312 inter
1336 275 1367 312 se
1381 281 1479 313 vnirae
1491 278 1574 315 sunt.
1587 279 1679 328 Qid
1691 280 1770 316 inde
1785 282 1885 318 rande
1895 282 1968 320 effi-

1180 326 1379 363 cientficerte
1393 339 1462 362 non
1478 327 1674 364 conflabunt
1687 332 1779 378 quod
1795 333 1970 380 imaginati

1181 374 1255 410 sunt
1264 376 1451 411 monstrum
1464 399 1475 417 ,
1498 379 1632 425 quando
1645 391 1714 414 non
1727 380 1900 428 permiscet
1908 395 1972 417 ne-

1181 437 1246 472 que
1259 423 1441 461 confundit
1453 426 1531 461 duas
1549 439 1677 462 naturas
1689 429 1834 476 personae
1847 432 1969 466 vnitas.

1182 475 1226 509 Et
1238 475 1373 521 quando
1394 474 1572 510 Ecclesiam
1582 478 1810 514 citanttestem
1825 503 1836 519 ,
1859 490 1973 515 tenere

1180 523 1294 559 saltem
1312 523 1492 560 debuerant
1515 526 1596 572 quid
1609 525 1787 562 secundum
1802 530 1972 583 vulgarem

1183 571 1277 608 vsuru
1300 572 1537 620 istaeloquendi
1548 573 1663 610 formae
1674 576 1759 611 inter
1768 578 1971 618 sedifferant,

1185 624 1340 662 vnitas‚&
1353 624 1444 658 vnio.
1457 625 1562 658 vnitas
1576 624 1721 671 personae
1733 627 1766 659 in
1781 626 1916 661 Christo
1929 627 1974 661 fi-

1185 684 1226 706 ne
1236 672 1460 708 controuersia
1471 673 1556 707 inter
1564 685 1684 708 omnes
1697 673 1908 710 orthodoxos
1920 688 1975 711 re-

1184 722 1318 767 cipitur.
1326 723 1355 755 Si
1370 733 1490 756 naturae
1501 723 1636 758 Diuinae
1648 735 1722 758 cum
1735 723 1877 759 humana
1889 736 1975 773 prae-

1185 771 1315 805 dicetur
1327 773 1432 806 vnitas
1443 795 1453 811 ‚
1475 784 1577 806 nemo
1591 774 1664 820 pius
1675 773 1748 812 erit,
1762 776 1818 820 qui
1833 786 1901 808 non
1912 772 1976 809 ab·

1186 819 1320 854 horreat
1341 834 1349 853 :
1371 833 1451 868 ergo
1462 822 1496 855 in
1512 821 1637 856 vnione
1647 820 1771 856 necesse
1784 821 1829 857 est
1841 846 1852 863 ,
1876 833 1912 857 vt
1921 822 1976 859 sua

1186 870 1307 915 cuique
1333 880 1454 904 naturae
1475 881 1606 905 maneat
1627 872 1813 918 proprietas
1834 873 1976 920 integra.

1187 918 1292 963 Qd
1305 930 1454 965 quaernnt
1466 917 1591 959 rursm,
1603 921 1779 967 quomodo
1792 921 1918 956 intacto
1931 921 1978 957 fi-

1187 968 1270 1014 gillo
1282 978 1539 1003 monumentum
1549 967 1639 1004 suum
1653 968 1848 1016 pertrafierir
1869 969 1978 1006 Chri-¹

1186 1018 1264 1051 stus:
1275 1020 1305 1051 δι
1319 1014 1446 1052 foribus
1460 1014 1572 1052 clausis
1585 1017 1807 1065 pertransierit
1817 1019 1857 1053 ad
1871 1019 1973 1055 disci-

1187 1065 1387 1112 pu105,noua
1401 1066 1568 1100 solutione
1579 1079 1647 1101 non
1661 1064 1801 1115 indigdet.
1831 1068 1926 1116 Qd
1937 1081 1977 1104 e-

1188 1115 1258 1148 nim
1270 1115 1453 1161 impedient
1466 1114 1614 1150 clausurae
1626 1128 1743 1150 omnes
1764 1141 1774 1156 ,
1797 1116 1978 1153 hominum

1187 1162 1331 1198 'artificio
1344 1162 1631 1211 f.16tae.qu0rninus
1645 1164 1705 1199 fibi
1717 1164 1866 1201 trafitum
1879 1168 1976 1202 Deus

1190 1210 1374 1259 patefaciat.
1403 1214 1493 1248 Nam
1514 1215 1572 1260 qui
1594 1214 1634 1249 de
1657 1214 1767 1249 nihilo
1785 1217 1910 1250 creauit
1932 1228 1978 1251 o-

1189 1262 1292 1300 mnia,
1306 1262 1413 1308 potest
1424 1263 1463 1297 ad
1472 1273 1607 1309 tempus
1620 1263 1656 1297 in
1672 1262 1814 1299 nihilum
1827 1265 1978 1314 redigere

1189 1321 1260 1357 quae
1271 1312 1598 1359 videnturimpedire
1616 1311 1818 1360 progressum
1833 1326 1976 1360 operum

1191 1371 1274 1393 eius.
1301 1360 1344 1394 Et
1366 1359 1438 1395 sane
1449 1358 1607 1408 quorsum
1619 1361 1748 1396 redacta
1761 1374 1902 1410 corpora
1915 1361 1978 1398 effe

1191 1409 1478 1457 dicemus,quibus
1488 1414 1518 1446 δι
1531 1411 1683 1458 Angelos
1695 1410 1781 1449 suos,
1793 1415 1825 1448 ἃ
1838 1409 1979 1459 seipsum

1191 1457 1300 1493 induit
1322 1460 1414 1494 Deus
1426 1483 1436 1499 ‚
1457 1458 1632 1507 postquam
1654 1470 1809 1495 executus
1829 1460 1979 1509 estquod

1192 1507 1325 1541 volebat
1347 1511 1362 1540 ἒ
1399 1509 1599 1543 Prodierunt
1613 1507 1716 1556 igitur
1727 1521 1887 1557 corpora,
1910 1509 1980 1546 Dei

1191 1557 1363 1596 mandato,
1379 1556 1489 1604 postea
1501 1568 1713 1602 euanuerunt:
1729 1562 1761 1595 δι
1772 1570 1882 1593 tamen
1895 1556 1981 1595 fare·

1191 1605 1218 1638 ri
1230 1617 1364 1652 oportet
1388 1618 1464 1641 vera
1482 1604 1572 1640 fuiss'e
1586 1619 1735 1654 corpora.
1763 1607 1832 1642 Hic
1850 1608 1891 1643 de
1911 1620 1978 1656 po-

1191 1656 1296 1688 tentia
1318 1655 1386 1689 Dei
1403 1668 1471 1689 non
1485 1657 1687 1702 inquirimus
1708 1654 1858 1691 subtilius
1880 1657 1983 1704 quam

1191 1715 1248 1749 par
1259 1701 1304 1737 est
1316 1727 1326 1744 ,
1339 1703 1432 1739 ficuti
1445 1717 1505 1739 nos
1517 1705 1730 1740 criminantur
1746 1704 1798 1740 isti
1810 1704 1983 1749 homines,

1191 1751 1313 1798 quibus
1337 1755 1489 1800 potentia
1507 1753 1576 1788 Dei
1588 1754 1713 1788 vtinam
1724 1751 1833 1789 furnus
1847 1766 1915 1790 non
1929 1754 1984 1797 fit,

1191 1810 1229 1834 vt
1248 1812 1309 1848 pro
1330 1801 1407 1837 fuco
1425 1802 1466 1836 ab
1486 1802 1550 1836 illis
1570 1801 1778 1838 obtenditur.
1817 1803 1985 1840 Facess'ant

1192 1861 1272 1896 ergo
1285 1848 1387 1886 fucofi
1407 1852 1456 1886 isti
1470 1853 1620 1892 colores,
1641 1851 1732 1899 quod
1747 1864 1867 1900 corpus
1889 1851 1984 1888 suum

1194 1899 1345 1935 Christus
1365 1902 1399 1935 in
1414 1899 1552 1935 sublime
1572 1899 1740 1937 sustulerit.
1760 1912 1868 1946 neque
1888 1902 1984 1935 enim

1193 1947 1247 1982 hic
1259 1953 1367 1996 agitur
1378 1961 1449 1996 quae
1460 1950 1615 1984 miracula
1626 1949 1766 1984 ediderit
1777 1947 1929 1983 Christus
1944 1948 1983 1983 in

1197 2009 1292 2032 carne
1303 2010 1367 2046 qua
1379 1998 1514 2033 vestitus
1524 2009 1591 2032 erat
1610 2011 1618 2031 :
1638 1995 1690 2031 sed
1710 1996 1791 2043 quid
1804 1994 1983 2031 necess'arib

1191 2047 1337 2092 requirat
1348 2058 1421 2080 vera
1433 2046 1582 2093 corporis
1592 2056 1714 2080 natura.
1728 2044 1926 2079 Ambulauit
1937 2046 1985 2080 Pe

1192 2105 1262 2129 trus
1273 2094 1366 2140 super
1383 2107 1479 2141 aquas
1489 2107 1530 2128 an
1540 2092 1617 2128 ideo
1630 2092 1723 2127 defiit
1736 2092 1985 2129 habereverum

1192 2146 1326 2190 corpus?
1341 2142 1443 2187 Quod
1459 2141 1581 2177 factum
1592 2140 1706 2181 cilensi
1717 2141 1839 2176 eodem
1853 2142 1987 2177 mom&-

1189 2203 1227 2226 to
1239 2194 1292 2226 vel
1304 2193 1337 2226 in
1351 2193 1440 2231 naui,
1453 2194 1503 2226 vel
1519 2193 1552 2225 in
1568 2200 1666 2238 portu
1678 2188 1892 2237 sediffetzquia
1907 2191 1983 2238 spe-

1192 2243 1298 2275 ctrum
1320 2245 1352 2276 &
1375 2241 1571 2287 imaginatio
1588 2237 1692 2274 fuisset
1707 2240 1866 2286 quicquid
1880 2242 1988 2287 appa-'

1192 2287 1312 2323 ruisset.
1350 2292 1462 2323 Petrus
1485 2287 1550 2335 ipse
1562 2300 1663 2336 quum
1674 2287 1693 2322 ὲ
1705 2300 1829 2323 carcere
1841 2288 1985 2336 egressus

1193 2337 1251 2376 est,
1263 2349 1330 2370 non
1343 2339 1526 2383 penetrauit
1538 2350 1594 2384 per
1606 2335 1692 2372 fores
1701 2336 1830 2372 clausas:
1843 2336 1918 2372 vere
1931 2347 1985 2372 ta-

1192 2398 1267 2420 men
1279 2386 1389 2422 claufis
1399 2391 1431 2422 δι
1440 2386 1524 2421 benc
1534 2386 1692 2422 obseratis
1703 2385 1830 2421 foribus
1842 2385 1984 2434 egressus

1193 2434 1239 2469 est
1250 2459 1260 2474 ‚
1285 2436 1476 2470 miraculum
1489 2447 1603 2482 praeter
1612 2446 1732 2469 naturae
1745 2435 1897 2469 ordinem
1908 2435 1983 2470 edi-

1191 2496 1261 2518 tum
1274 2482 1468 2518 fatebimur:
1483 2483 1613 2519 duobus
1625 2496 1733 2519 autem
1748 2486 1781 2518 in
1794 2484 1877 2518 locis
1888 2481 1984 2519 fimo}

1194 2531 1284 2567 fuisse
1304 2545 1372 2567 non
1396 2535 1505 2568 minus
1525 2531 1720 2580 negabimus
1733 2556 1743 2572 ‚
1767 2532 1868 2580 quam
1892 2530 1986 2568 fniffe

1194 2581 1421 2627 bicorporem.
1449 2584 1530 2617 Haec
1544 2583 1629 2617 ratio
1640 2593 1703 2616 nos
1714 2582 1846 2629 expedit
1855 2604 1866 2621 ‚
1878 2593 1919 2615 ne
1929 2593 1984 2615 ar·

1194 2643 1254 2677 gua
1261 2643 1331 2664 mus
1343 2630 1515 2666 Christum
1528 2630 1700 2675 mendacij:
1716 2630 1808 2678 quod
1821 2641 1882 2664 nos
1893 2627 1985 2665 face-

1195 2693 1248 2717 te,
1267 2692 1329 2725 qua
1341 2676 1681 2726 solentimpudentia‚
1702 2679 1825 2713 iastant
1835 2678 1982 2726 Magde-

1195 2726 1382 2774 burgenses.
1403 2729 1520 2763 Fidem
1533 2730 1622 2763 enirn
1635 2725 1859 2775 nostram‚qua
1870 2727 1983 2763 verbis

1196 2777 1321 2820 Christi
1332 2775 1566 2824 acquiescimus
1577 2800 1586 2815 ‚
1599 2775 1718 2811 scimus
1729 2777 1763 2811 in
1785 2777 1871 2811 coelo
1885 2775 1986 2811 sacri-

1195 2825 1308 2861 ficium
1319 2825 1402 2860 boni
1421 2827 1536 2861 odoris
1551 2824 1623 2860 effe.
1660 2823 1725 2872 Ipsi
1746 2825 1824 2860 dum
1844 2823 1985 2862 Lutheri

1195 2874 1393 2920 hyperbol-*rs
1413 2876 1616 2921 proficiunt,
1634 2874 1738 2909 modo
1763 2873 1984 2921 plebeculam,

1195 2922 1332 2970 sucisque
1344 2921 1533 2957 fraterculos
1546 2922 1722 2963 fascinent‚
1735 2922 1832 2958 huius
1843 2924 1985 2971 popula-

1195 2974 1238 3007 ris
1249 2971 1369 3006 theatri
1381 2971 1489 3019 plausu
1503 2972 1734 3010 contenti,nec
1747 2972 1894 3011 Dei‚nec
1905 2974 1982 3006 An·-

1195 3022 1346 3069 gelorum
1358 3021 1517 3056 iudicium
1536 3032 1738 3067 magnopere
1749 3025 1874 3055 curant.
1900 3021 1985 3055 Haec

1195 3071 1280 3105 ratio
1303 3069 1349 3104 est
1370 3082 1427 3104 cur
1445 3081 1539 3105 antea
1561 3070 1698 3105 dixerim
1719 3068 1868 3104 Luthero
1891 3068 1982 3103 mul-

1196 3129 1243 3153 tas
1263 3117 1325 3152 effe
1345 3117 1451 3153 simias
1463 3142 1474 3159 ,
1493 3131 1614 3166 paucos
1645 3118 1840 3162 imitatores.
1886 3117 1981 3154 Nam

1196 3166 1284 3214 quasi
1304 3167 1476 3202 cothurnis
1491 3169 1526 3202 in
1536 3166 1672 3203 sublime
1683 3167 1759 3201 elati
1773 3189 1785 3205 ,
1805 3165 1981 3212 quomodo

1197 3214 1350 3263 poffibile
1373 3216 1434 3256 fit,
1455 3217 1634 3263 inquiunt,
1653 3225 1688 3250 vt
1706 3212 1879 3250 definitum
1897 3213 1981 3250 adfit

1197 3276 1315 3311 corpus
1327 3264 1519 3314 vbicunque
1530 3264 1697 3313 peragitur
1708 3264 1816 3297 Coena
1826 3286 1837 3303 ‚
1848 3261 1915 3310 ipse
1924 3264 1980 3298 vi-

1197 3313 1300 3350 derit:
1321 3325 1386 3349 nos
1396 3313 1557 3350 habemus
1567 3323 1693 3349 certum
1705 3306 1895 3348 mandatum
1907 3333 1919 3351 ‚
1941 3320 1980 3346 vt

1896 3371 1984 3408 Fen:

2083 1316 2097 1343 4„
2084 1249 2103 1303 μυ,
2090 1186 2097 1237 ..φ
