2113 3674
854 166 1179 202 LIBERI.
1804 188 1831 210 it

182 233 266 279 A1&ch
278 226 397 271 nocmffi
406 224 473 265 vlla,
487 228 524 265 (γ’
529 224 685 270 fortunam
697 223 830 270 habtstffi
840 226 977 267 nocenda,

235 276 309 312 Nec
317 287 491 321 quenquam
502 287 607 307 neruos
615 276 782 320 exnmuzffi
787 275 869 320 sitos.

184 328 229 361 Et
241 326 262 361 si
276 336 388 359 verum
403 324 448 358 est
459 325 549 371 quod
561 336 603 358 ait
626 323 784 357 Hebraeus
801 326 976 371 paroemia-

185 376 268 413 stes,
290 377 341 408 Ira
353 376 437 420 regis
453 397 462 413 ‚
475 374 614 409 nuncius
627 374 743 407 mortis
759 386 847 407 :non
862 375 977 408 vltima

185 425 252 458 laus
265 422 332 461 est,
346 424 379 456 in
391 421 633 456 constituendis
644 423 751 468 poenis
763 434 803 456 nc
814 422 977 457 tantulum

184 473 320 519 quidem
335 473 387 505 irae
399 469 584 518 permilill'e.
615 472 711 504 Nolo
732 470 785 505 hic
803 472 975 519 indulgere

184 522 319 569 longius
330 518 509 554 ambitiosa·
519 519 746 554 ostentationi.
757 520 973 554 declamatio-

182 583 241 604 nes
257 566 444 604 rhetoribus
468 571 632 614 relinquo.
662 563 812 613 Juuenilbs
829 573 971 618 impetus)

182 621 264 655 Hoec
277 630 350 653 aetas
364 618 492 652 veniam
505 618 671 652 interdum
686 630 745 664 pro
756 617 893 652 homine
911 618 970 653 de-

182 680 343 715 precatur.
355 667 498 705 Errauir,
515 667 690 713 inquiunt,
703 665 805 713 lapsus
815 665 861 701 est
870 668 970 702 aetatis

182 717 443 762 tyrociniozanni
454 715 718 749 moderationem
729 715 876 754 adden&
887 728 968 762 pru-

182 766 345 800 dentiam.
374 764 533 799 Naturale
545 763 591 798 est
602 775 634 798 vt
647 763 712 798 haec
724 774 798 798 aetas
809 763 890 798 sitin
903 766 947 799 ira
957 781 970 788 -

182 814 337 849 cundiam
350 813 563 860 propensior,
586 813 637 846 cui
661 814 782 847 multus
795 812 920 861 sanguis
937 819 970 850 &

180 863 317 901 calidus,
328 874 362 897 vt
373 861 518 896 scribunt
530 861 742 907 philosophi,
758 861 880 909 praebet
891 875 969 898 cau-

179 910 244 946 sam
254 911 439 946 iracundiae.
463 913 508 949 At
520 910 599 944 vero
612 912 769 945 miraculo
782 909 842 945 esse
852 911 966 951 debet,

179 962 237 1007 qui
248 971 376 995 aetattm
387 958 541 1006 sapientia
553 960 741 994 anteuertit.
763 960 852 994 Nam
866 966 897 997 &
909 963 968 1007 qui

177 1011 309 1045 venturi
321 1008 435 1043 suntin
448 1009 579 1042 virtutis
590 1008 807 1055 adoptionem
821 1032 831 1048 ‚
843 1010 888 1047 ait
902 1013 968 1044 La-

176 1058 266 1092 tinus
274 1061 408 1092 Pacatus
418 1080 429 1096 ‚
443 1069 477 1092 vt
490 1069 558 1090 non
569 1057 861 1095 cadant,titubant.
899 1059 966 1093 ‘Te-

176 1110 298 1140 meritas
314 1106 469 1140 hominum
481 1129 490 1146 ‚
511 1106 738 1145 &contumelia
757 1112 768 1146 )
794 1107 906 1154 (ξι-ξω]
928 1106 967 1142 fit

177 1157 284 1203 grauis
295 1155 429 1203 regibus
447 1156 670 1194 contumelia,
693 1155 963 1191 alibividebitur.

175 1205 253 1239 ideo
266 1203 444 1252 magnifice
455 1203 570 1239 sentire
581 1203 621 1238 de
634 1205 782 1251 principe
793 1204 963 1246 debemus,

175 1255 266 1288 cuius
279 1255 470 1301 patientiam
483 1253 568 1286 nulla
580 1254 745 1288 temeritas
757 1277 766 1293 ‚
780 1254 865 1287 nulla
879 1267 963 1288 con-

173 1305 309 1338 tumelia
321 1301 465 1349 fregerit.
494 1302 632 1348 Legitur
644 1303 742 1336 etiarn
755 1305 962 1338 contumacia

174 1352 208 1386 in
221 1350 416 1398 quibusdam
428 1349 679 1396 exemplaribus,
692 1349 800 1385 nescio
812 1363 852 1385 an
867 1355 962 1387 eme-

173 1401 293 1435 datiiis.
323 1401 455 1446 Regum
476 1400 562 1432 enim
575 1397 649 1432 sunt
660 1399 725 1433 haec
741 1400 875 1446 imperia
898 1407 910 1442 (
927 1413 962 1437 Vt

171 1451 216 1484 ait
228 1450 351 1484 Cicero
362 1449 395 1482 in
408 1448 559 1482 oratione
571 1459 631 1494 pro
641 1447 795 1488 Rabirio)
809 1449 879 1494 post
889 1451 962 1483 ani-

171 1499 340 1533 maduerte
359 1521 370 1536 ‚
389 1501 421 1533 &
443 1497 535 1531 dicto
559 1508 645 1542 pare.
677 1499 762 1531 Item
775 1498 837 1531 illae
853 1499 959 1538 minae,

171 1547 195 1581 ss
206 1558 238 1581 te
250 1546 393 1582 secundo
405 1547 522 1580 limine
534 1545 588 1581 hic
599 1543 786 1585 offendero,
802 1549 956 1581 moriere.

169 1597 202 1630 Si
214 1595 352 1630 secunda
363 1593 438 1630 iussa
449 1607 518 1629 non
531 1596 667 1641 impune
678 1595 957 1642 expectanturmi-

169 1645 290 1679 mirum
313 1646 517 1679 contumacia
536 1644 606 1690 plus
627 1644 727 1688 quam
741 1646 888 1689 capitalis
903 1646 957 1679 est.

167 1691 436 1738 Tranquillissimis
446 1704 562 1738 qnoque
570 1691 748 1741 perfloribus)
765 1695 845 1727 Haec
858 1695 957 1728 etiarn

168 1742 267 1776 verba
278 1741 403 1777 addunt
416 1740 596 1788 emphasim
617 1753 685 1774 non
708 1743 957 1789 negligendam,

166 1791 261 1838 quod
283 1791 436 1825 iuuenem
455 1789 628 1824 deturbare
643 1789 684 1824 de
706 1791 835 1837 placido
855 1793 956 1826 animi

166 1839 249 1878 statu
258 1839 511 1888 non'potuerint
531 1840 697 1873 temeritas
718 1838 896 1874 hominurn
923 1845 956 1877 &

165 1890 387 1926 contumacia,
399 1898 470 1935 quae
483 1888 676 1934 patientiam
697 1891 865 1923 excutiunt
877 1889 955 1923 viris

165 1934 427 1984 patientissimis,
444 1936 579 1972 &omni
598 1936 848 1983 perturbatione
868 1937 955 1972 libe-

152 1985 219 2019 fris.
242 1984 308 2020 hoc
318 1985 407 2019 enim
422 1983 584 2032 fignificat
602 1984 700 2019 nobis
722 1987 953 2033 tranquillitas,

164 2044 200 2074 vt
211 2031 513 2081 facile'intelligitur
523 2044 560 2067 ex
569 2033 678 2067 verbis
690 2035 864 2069 Ciceronis
877 2037 954 2070 Tu-

163 2080 282 2117 sculan.
295 2093 331 2126 4.
361 2084 400 2115 In
412 2081 464 2115 his
476 2105 485 2120 ‚
496 2082 605 2128 inquit
617 2105 628 2122 ‚
639 2084 839 2129 explicandis
858 2096 952 2119 vete-

163 2129 233 2164 rem
246 2130 335 2164 illam
348 2128 501 2176 equidem
513 2130 705 2178 Pythagorae
719 2132 878 2178 primum,
891 2134 951 2168 de-

163 2179 243 2213 inde
255 2178 400 2213 Platonis
412 2176 666 2223 descriptionem
683 2179 814 2227 sequar:
835 2184 892 2228 qui
912 2194 950 2216 a-

162 2229 291 2262 nimum
302 2228 335 2261 in
346 2227 423 2261 duas
434 2236 540 2272 partes
552 2226 722 2261 diuidunt:
744 2229 878 2264 alteram
897 2243 951 2266 ra-

161 2275 265 2310 tionis
277 2276 469 2321 participem
481 2272 618 2312 faciunt,
628 2275 762 2308 alteram
775 2289 950 2322 expertem.

161 2327 202 2359 Iu
213 2324 370 2371 participe
378 2323 513 2357 rationis
527 2334 654 2369 ponunt
663 2324 951 2369 tranquillitatem,

162 2373 197 2406 id
211 2371 258 2407 est
269 2372 428 2419 placidam
443 2369 658 2418 quietamque
669 2373 899 2408 constantiam:
915 2375 949 2408 in

162 2422 217 2456 illa
226 2422 324 2455 altera
335 2430 445 2454 motus
459 2419 610 2454 turbidos
623 2443 633 2457 ,
646 2430 715 2455 tum
729 2422 794 2460 irae,
805 2432 874 2456 tum
888 2434 949 2457 cu-

162 2470 311 2516 piditatis
332 2492 342 2508 ‚
362 2469 546 2504 contrarios
574 2466 795 2515 inimicosque
804 2471 946 2506 rationi.

161 2517 221 2552 Est
241 2519 342 2565 igitur
354 2518 568 2565 tranquillum
581 2517 693 2561 pefitus
712 2539 722 2555 ‚
747 2516 832 2552 bene
851 2531 948 2554 com-

160 2567 385 2612 positummec
394 2567 467 2600 vllis
478 2563 648 2600 affectibus
659 2564 947 2615 obnoxium,quos

160 2616 272 2651 Graeei
297 2612 388 2648 πέδη
410 2638 420 2653 ,
441 2614 475 2648 id
492 2614 537 2649 est
556 2612 717 2661 passiones
738 2638 749 2654 ‚
769 2617 945 2662 appellant.

160 2663 397 2711 Tranquillitas
408 2661 486 2709 ipsa,
499 2663 602 2696 animi
613 2663 808 2702 moderatio,
821 2669 852 2700 &
862 2677 946 2712 qua-

158 2711 182 2747 si
193 2712 415 2760 aequanimitas
427 2725 434 2745 :
446 2723 544 2758 quam
557 2711 635 2757 alibi
645 2709 848 2747 securitatem
862 2737 871 2752 ‚
883 2715 946 2748 ali-

158 2760 194 2795 bi
216 2773 327 2808 pacem
349 2771 444 2795 vocat
462 2762 581 2794 Seneca
609 2759 730 2794 noster.
769 2761 907 2796 Theolo
935 2764 944 2798 i

156 2809 284 2856 semper
295 2807 360 2844 fe're
372 2821 495 2856 pacem.
530 2810 612 2842 Haec
623 2811 722 2843 etiarn
733 2808 798 2855 ipsa
807 2809 852 2845 est
864 2811 897 2845 in
913 2825 945 2846 1-

156 2859 235 2906 gnis
257 2858 316 2892 illa'
329 2857 464 2899 εῠθὸμῖα
477 2857 691 2896 Democriti,
705 2857 791 2892 dicia
803 2858 890 2906 quasi
908 2873 945 2896 a—

157 2907 241 2942 nimi
252 2906 415 2940 alacritas:
440 2905 481 2946 de
492 2917 555 2953 qua
566 2906 676 2940 Cicer.
689 2906 723 2939 in
735 2917 764 2940 ν.
777 2907 817 2941 de
839 2907 935 2943 finib.

155 2961 190 2995 δε
208 2955 381 3002 Diogenes
393 2955 551 2989 Laertius.
581 2951 770 2996 Os‘lentandae
783 2966 944 3003 perterra-

155 3004 368 3055 ‘res-potentiae)
393 3004 629 3049 Tyrannorutn
649 3003 692 3036 est
709 3002 774 3036 hoc
795 3004 940 3045 solenne,

155 3062 272 3099 putare
283 3051 447 3086 abiestam
459 3049 520 3085 effe
531 3052 716 3098 potentiam
727 3074 738 3090 ‚
759 3063 854 3098 quarn
874 3065 944 3089 non

159 3101 273 3136 alienis
285 3099 419 3135 miseriis
430 3110 611 3139 exerceant.
637 3098 679 3132 fic
689 3095 769 3146 saepe
779 3102 858 3137 tales
868 3112 945 3148 pera

158 3147 246 3184 sonae
264 3149 282 3184 Ξ
293 3149 444 3197 Tragicis
456 3148 666 3183 inducuntur.
688 3149 876 3197 Neroapud
887 3152 946 3186 Se-

160 3209 233 3232 nec.
243 3197 276 3231 in
286 3198 439 3233 Ossauia.
454 3198 568 3232 Calcat
579 3197 739 3231 iacentem
749 3198 876 3245 vulgus.
895 3202 947 3234 Ita

154 3243 324 3282 -saeuiendo
335 3245 716 3296 experiuntur‘quamum
729 3245 788 3282 sibi
799 3248 907 3297 liceat.
927 3287 931 3289 Α

1077 224 1109 271 C
1104 228 1241 262 anditum
1251 252 1261 269 ,
1273 223 1331 262 ime>
1341 227 1524 271 constristum
1535 235 1547 270 )
1570 232 1668 267 Hanc
1681 232 1820 280 figuram

1025 277 1183 317 μετάνοιαν
1197 289 1318 313 vocant
1330 278 1595 327 rhetores,quarn
1609 281 1817 328 interpretari

1026 323 1124 370 possis
1138 328 1384 372 poenitentiam,
1396 341 1467 375 quae
1480 330 1568 364 tollit
1583 329 1675 376 quod
1689 332 1817 367 dictum

1025 374 1084 412 est,
1097 379 1128 409 δι
1140 389 1198 421 pro
1210 389 1250 410 eo
1261 378 1364 424 magis
1375 378 1535 412 idoneum
1551 379 1696 425 reponit.
1726 381 1817 421 Vide

1023 423 1187 457 Rutilium
1211 428 1353 469 Lupum.
1391 428 1618 474 Qntilianus
1641 432 1672 463 &
1694 430 1817 464 Cicero

1022 474 1263 507 correctionem
1277 486 1409 509 vocant.
1435 477 1690 523 Nonnunquam
1701 490 1815 513 corre-

1021 520 1148 554 ctiones
1162 521 1232 556 sunt
1244 524 1396 563 ironicae,
1411 537 1443 560 vt
1456 526 1508 559 illa
1520 526 1694 560 Ciceronis
1715 528 1750 561 in
1769 542 1812 562 o-

1021 571 1148 603 ratione
1159 583 1218 616 pro
1231 572 1417 607 Ce1i02Nifi
1433 573 1516 607 mihi
1528 575 1813 618 intercedereuti—

1020 618 1191 653 nimicitias
1204 632 1280 654 cum
1293 621 1380 655 istius
1402 624 1547 657 mulieris
1569 624 1641 657 viro
1652 647 1662 662 ‚
1683 622 1812 661 fratrem

1019 667 1127 701 dicere
1138 669 1241 702 volui.
1271 671 1472 717 Qanquarn
1494 671 1562 706 haec
1578 675 1733 719 peculiari
1746 687 1811 709 no-

1018 716 1108 750 mine
1128 717 1295 763 σαρκασμδς
1314 719 1435 754 dicitur
1465 720 1483 754 a
1503 721 1592 754 Iulio
1611 721 1809 760 Rufiniano.

1019 763 1059 798 N
1060 764 1120 798 'emo
1131 777 1189 798 non
1199 769 1248 799 c'ui
1257 766 1324 801 alia
1333 765 1536 813 defint)Cum
1548 770 1627 804 alter
1641 771 1808 816 plectitur,

1017 814 1096 848 alter
1108 825 1213 861 poenae
1221 817 1392 857 eximitur,
1405 819 1491 852 dicas
1503 830 1570 851 non
1584 830 1648 852 tam
1659 820 1811 855 clemen-

1018 863 1096 897 tiam
1107 863 1179 902 eise,
1191 864 1290 910 quam
1301 865 1420 901 iudicis
1430 867 1551 901 sordes.
1564 867 1614 901 Sic
1626 867 1744 903 nostris
1756 871 1810 904 te-

1017 912 1319 958 poribusiudicium
1334 913 1419 949 nihil
1431 914 1476 950 est
1489 915 1548 949 nisi
1561 915 1692 962 publica
1717 931 1807 953 mer-

1017 973 1068 994 ces
1082 974 1091 995 :
1111 964 1223 1009 Atque
1232 962 1339 1009 Eques
1354 964 1387 997 in
1401 961 1488 998 causa
1502 965 1560 1010 qui
1572 963 1658 1000 sedet
1672 989 1682 1005 ‚
1695 978 1808 1015 empta

1015 1009 1146 1056 probat.
1175 1011 1301 1046 Verum
1315 1011 1372 1046 vbi
1385 1013 1480 1047 iudex
1491 1014 1559 1060 agit
1569 1026 1606 1048 ex
1626 1025 1720 1062 aequo
1733 1027 1807 1051 cum

1015 1058 1171 1094 omnibus
1183 1060 1406 1107 indulgenter,
1419 1074 1533 1097 verum
1547 1061 1710 1109 specimen
1721 1076 1806 1110 prae-

1014 1105 1071 1142 bet
1083 1107 1142 1143 suae
1154 1107 1423 1145 mansuetudinis.
1453 1112 1533 1145 Hoc
1553 1121 1633 1159 ergo
1649 1113 1737 1159 quasi
1748 1125 1806 1160 per

1014 1157 1151 1192 modum
1159 1159 1388 1204 occupationis
1403 1161 1632 1206 accipiendum
1647 1160 1805 1209 est‚quod

1013 1205 1094 1240 dicit
1104 1216 1169 1240 tam
1183 1204 1340 1241 seneetuti
1353 1209 1451 1254 quam
1465 1209 1691 1244 adolescentiae
1703 1234 1713 1250 ‚
1736 1222 1806 1247 tam

1012 1253 1191 1290 humilitati
1203 1255 1303 1302 quam
1315 1257 1484 1292 nobilitati
1496 1255 1586 1292 fuisse
1597 1260 1682 1306 apud
1694 1260 1724 1293 se
1744 1272 1805 1295 ve-

1011 1305 1073 1337 niae
1085 1304 1207 1338 locum.
1235 1305 1505 1352 Occupati6ne1n
1514 1318 1623 1342 autem
1638 1308 1802 1355 intellige,

1011 1362 1047 1386 vt
1057 1353 1143 1400 apud
1155 1353 1292 1388 Fabium
1303 1354 1362 1389 lib.
1375 1367 1409 1400 4.
1423 1357 1583 1402 qnoniam
1597 1357 1756 1391 Ciceroni
1764 1371 1802 1392 a-

1010 1401 1077 1434 liud
1091 1400 1253 1450 significat
1266 1403 1299 1437 in
1310 1403 1515 1439 Rhetoricis.
1531 1403 1636 1439 sensus
1649 1406 1721 1441 erit:
1734 1407 1804 1452 Alij

1010 1448 1292 1496 quidemafferunt
1305 1453 1634 1488 commendationem
1658 1452 1803 1496 familiae,

1009 1503 1041 1534 δε
1054 1498 1242 1534 nobilitatis
1255 1513 1264 1534 ε
1276 1501 1328 1546 alij
1341 1503 1462 1537 virtute
1474 1501 1592 1537 bellica
1602 1503 1806 1551 rapinas,pe-

1009 1549 1133 1582 culatus
1143 1572 1153 1588 ,
1166 1548 1324 1584 adulteria
1336 1550 1566 1597 deprecantur.
1593 1551 1804 1598 Qibusdam

1008 1608 1070 1642 pro
1081 1597 1371 1633 commendatione
1383 1599 1428 1634 est
1436 1599 1654 1635 adolescentia
1666 1600 1718 1635 seu
1740 1601 1805 1635 flos

1007 1646 1121 1680 aetatis.
1154 1646 1230 1694 Ego
1243 1647 1323 1682 vero
1333 1646 1438 1683 causas
1450 1649 1532 1683 mihi
1547 1647 1615 1684 sum
1628 1662 1806 1685 commen-

1007 1694 1196 1742 tus,quibus
1207 1695 1332 1742 possem
1343 1696 1502 1732 omnibus
1514 1696 1709 1732 succurrere.
1725 1701 1806 1734 No-

1007 1742 1115 1777 bilitas
1128 1743 1193 1790 ipsa
1205 1757 1261 1791 per
1273 1743 1303 1779 se
1315 1757 1383 1780 erat
1395 1745 1592 1781 venerabilis
1604 1770 1614 1786 ,
1629 1746 1681 1783 sed
1696 1747 1804 1794 plebis

1007 1790 1174 1828 humilitas
1187 1791 1446 1829 misericordiam
1458 1795 1803 1833 concitabat-diuersis

1005 1841 1191 1876 rationibus
1210 1840 1359 1878 fauorem
1380 1843 1602 1879 merebantur.
1626 1847 1799 1883 quentati

1005 1887 1150 1924 fauorem
1160 1890 1488 1930 debitum,seneetuti
1500 1894 1716 1928 reuerentiam
1727 1907 1801 1943 pre-

1004 1937 1263 1974 stiti.1³ostreme›
1275 1942 1371 1975 omni
1383 1940 1527 1989 presidio
1539 1941 1800 1982 destitutos‚h0-

1003 1991 1110 2022 mines
1121 1987 1233 2025 saltem
1245 1987 1306 2022 esse
1315 1990 1456 2025 memini
1474 2012 1485 2029 ‚
1508 1993 1657 2025 nominis
1667 2004 1797 2040 cogna-

1003 2036 1143 2070 tionead
1155 2048 1208 2070 me
1218 2038 1438 2083 pertinentes:
1454 2040 1740 2086 quemadmodum
1751 2043 1798 2077 ait

1002 2084 1221 2132 Augustinus,
1238 2084 1511 2132 Persequamurin
1525 2089 1569 2122 eis
1584 2091 1752 2135 propriam
1766 2092 1798 2124 i-

1001 2134 1198 2180 niquitatem
1212 2157 1222 2172 ‚
1236 2132 1445 2182 misereamur
1457 2148 1674 2171 communem
1697 2149 1796 2173 natu-

1000 2195 1087 2217 ram.¹
1112 2181 1211 2216 Nihil
1222 2194 1301 2229 ergo
1314 2184 1450 2229 priuatis
1463 2184 1579 2220 studiis
1593 2185 1795 2228 concessum,

1000 2231 1083 2265 nihil
1096 2229 1258 2265 sordibus.
1291 2232 1341 2264 Sic
1349 2245 1394 2266 me
1403 2232 1528 2276 custodio
1538 2258 1548 2275 ,
1557 2244 1709 2281 tanquam
1722 2238 1798 2283 legi-

999 2280 1078 2319 bus)
1105 2281 1195 2313 Bene
1205 2278 1326 2313 adiecit
1336 2303 1347 2319 ‚
1361 2291 1516 2329 tanquam
1531 2285 1624 2330 :quia
1635 2284 1793 2331 princeps

999 2328 1134 2374 quidem
1146 2326 1275 2374 legibus
1285 2326 1407 2365 solutus
1418 2331 1480 2366 est:
1496 2330 1548 2367 sed
1563 2333 1661 2379 digna
1671 2344 1735 2367 vox
1745 2333 1791 2368 est

999 2375 1165 2410 maiestate
1185 2378 1353 2423 regnantis
1372 2403 1382 2418 ,
1403 2380 1532 2427 legibus
1553 2382 1723 2427 alligatum
1745 2380 1789 2421 se,

999 2425 1181 2470 principem
1191 2423 1331 2462 fateri-&c
1342 2439 1376 2460 re
1388 2439 1461 2462 vera
1472 2429 1573 2463 maius
1586 2429 1630 2463 im
1636 2430 1728 2476 perio
1743 2430 1789 2466 est

997 2471 1190 2507 submittere
1200 2473 1328 2522 legibus
1340 2477 1614 2524 principatum:vt
1628 2477 1718 2513 estin
1733 2491 1789 2514 re-

997 2519 1118 2567 scripto
1128 2522 1274 2559 Valen&
1285 2523 1489 2560 The0d0.C.
1498 2525 1626 2573 delegi.
1638 2531 1669 2562 δι
1685 2528 1718 2560 in
1734 2540 1788 2562 re-

997 2568 1118 2616 scripto
1132 2572 1282 2609 Seueri&
1296 2573 1462 2607 Antonini
1474 2574 1615 2621 legitur,
1629 2577 1725 2610 Licet
1737 2577 1788 2610 le-

996 2617 1092 2665 gibus
1105 2617 1226 2654 subditi
1239 2633 1307 2656 non
1320 2621 1416 2655 simus
1427 2644 1437 2660 ,
1456 2622 1585 2670 legibus
1599 2635 1710 2658 tamen
1732 2628 1787 2661 vi-

996 2668 1114 2701 uimus.
1128 2668 1253 2703 Plinius
1265 2671 1464 2717 inPanegyr.
1487 2671 1664 2707 Adsuescat
1677 2674 1786 2720 impe-

994 2725 1083 2750 rator
1095 2728 1169 2750 cum
1179 2717 1321 2766 imperio
1341 2719 1498 2753 calculum
1520 2732 1658 2765 ponere.
1686 2721 1728 2756 fic
1748 2732 1785 2757 e-

993 2775 1079 2804 xeat,
1091 2763 1133 2798 fic
1144 2763 1253 2802 redeat
1264 2791 1275 2806 ,
1289 2778 1441 2813 tanquam
1455 2769 1617 2803 rationem
1628 2770 1785 2805 redditu-

993 2824 1058 2846 rus.
1070 2813 1175 2848 edicat
1186 2817 1266 2862 quid
1279 2814 1502 2862 absumpserit.
1517 2819 1562 2851 ita
1574 2816 1632 2852 fiet
1642 2841 1653 2858 ,
1669 2831 1703 2853 vt
1715 2832 1785 2854 non

993 2859 1140 2896 absumat
1147 2865 1238 2910 quod
1250 2864 1369 2911 pudeat
1382 2865 1500 2899 dicere.
1511 2867 1598 2900 Item
1614 2868 1687 2905 ,Tu
1700 2868 1785 2903 nihil

993 2910 1133 2956 amplius
1142 2913 1191 2945 vis
1199 2913 1263 2948 tibi
1275 2913 1487 2959 licere,quam
1499 2914 1610 2950 nobis.
1638 2917 1721 2950 Non
1737 2916 1784 2951 est

993 2959 1143 3006 princeps
1156 2959 1244 3008 supra
1253 2959 1410 3007 lege3,sed
1420 2962 1507 3009 leges
1518 2961 1608 3009 supra
1618 2965 1780 3011 principe.

994 3008 1045 3041 Sic
1063 3010 1161 3043 etiam
1192 3009 1358 3055 Augustus
1379 3011 1622 3047 ratiocinarium
1651 3013 1782 3060 imper-ij

994 3055 1028 3089 in
1039 3052 1146 3092 senatu
1158 3053 1341 3104 proposuit.
1351 3059 1469 3094 author
1478 3061 1782 3108 Tranquillus.Ra-

994 3104 1121 3140 tionem
1133 3108 1243 3152 accipe
1253 3118 1313 3151 pro
1324 3118 1534 3154 computo,vt
1544 3110 1660 3158 vulgus
1670 3110 1780 3156 loqui-

986 3163 1057 3187 aur.
1072 3155 1170 3203 „Quas
1177 3166 1216 3187 ex
1226 3152 1332 3188 abdito
1343 3158 1375 3189 in
1387 3157 1484 3190 lucem
1493 3170 1666 3192 revocamus
1679 3163 1691 3198 )
1712 3159 1781 3198 Ti-

995 3200 1076 3244 beri]
1085 3207 1118 3239 ἃ
1128 3203 1286 3249 Caligula
1296 3207 1453 3252 tempora'
1461 3207 1582 3253 tangit,
1593 3205 1650 3241 sub
1659 3206 1780 3253 quibus

995 3250 1105 3289 iura‘&
1116 3252 1203 3298 leges
1214 3251 1397 3289 exulabant.
1420 3255 1512 3290 Nam
1529 3253 1688 3290 Tiberius
1705 3254 1780 3302 post
